@article{astropy:2013,
Adsnote = {Provided by the SAO/NASA Astrophysics Data System},
Adsurl = {http://adsabs.harvard.edu/abs/2013A%26A...558A..33A},
Archiveprefix = {arXiv},
Author = {{Astropy Collaboration} and {Robitaille}, T.~P. and {Tollerud}, E.~J. and {Greenfield}, P. and {Droettboom}, M. and {Bray}, E. and {Aldcroft}, T. and {Davis}, M. and {Ginsburg}, A. and {Price-Whelan}, A.~M. and {Kerzendorf}, W.~E. and {Conley}, A. and {Crighton}, N. and {Barbary}, K. and {Muna}, D. and {Ferguson}, H. and {Grollier}, F. and {Parikh}, M.~M. and {Nair}, P.~H. and {Unther}, H.~M. and {Deil}, C. and {Woillez}, J. and {Conseil}, S. and {Kramer}, R. and {Turner}, J.~E.~H. and {Singer}, L. and {Fox}, R. and {Weaver}, B.~A. and {Zabalza}, V. and {Edwards}, Z.~I. and {Azalee Bostroem}, K. and {Burke}, D.~J. and {Casey}, A.~R. and {Crawford}, S.~M. and {Dencheva}, N. and {Ely}, J. and {Jenness}, T. and {Labrie}, K. and {Lim}, P.~L. and {Pierfederici}, F. and {Pontzen}, A. and {Ptak}, A. and {Refsdal}, B. and {Servillat}, M. and {Streicher}, O.},
Doi = {10.1051/0004-6361/201322068},
Eid = {A33},
Eprint = {1307.6212},
Journal = {\aap},
Keywords = {methods: data analysis, methods: miscellaneous, virtual observatory tools},
Month = oct,
Pages = {A33},
Primaryclass = {astro-ph.IM},
Title = {{Astropy: A community Python package for astronomy}},
Volume = 558,
Year = 2013,
Bdsk-Url-1 = {https://dx.doi.org/10.1051/0004-6361/201322068}}

@ARTICLE{astropy:2018,
       author = {{Astropy Collaboration} and {Price-Whelan}, A.~M. and
         {Sip{\H{o}}cz}, B.~M. and {G{\"u}nther}, H.~M. and {Lim}, P.~L. and
         {Crawford}, S.~M. and {Conseil}, S. and {Shupe}, D.~L. and
         {Craig}, M.~W. and {Dencheva}, N. and {Ginsburg}, A. and {Vand
        erPlas}, J.~T. and {Bradley}, L.~D. and {P{\'e}rez-Su{\'a}rez}, D. and
         {de Val-Borro}, M. and {Aldcroft}, T.~L. and {Cruz}, K.~L. and
         {Robitaille}, T.~P. and {Tollerud}, E.~J. and {Ardelean}, C. and
         {Babej}, T. and {Bach}, Y.~P. and {Bachetti}, M. and {Bakanov}, A.~V. and
         {Bamford}, S.~P. and {Barentsen}, G. and {Barmby}, P. and
         {Baumbach}, A. and {Berry}, K.~L. and {Biscani}, F. and {Boquien}, M. and
         {Bostroem}, K.~A. and {Bouma}, L.~G. and {Brammer}, G.~B. and
         {Bray}, E.~M. and {Breytenbach}, H. and {Buddelmeijer}, H. and
         {Burke}, D.~J. and {Calderone}, G. and {Cano Rodr{\'\i}guez}, J.~L. and
         {Cara}, M. and {Cardoso}, J.~V.~M. and {Cheedella}, S. and {Copin}, Y. and
         {Corrales}, L. and {Crichton}, D. and {D'Avella}, D. and {Deil}, C. and
         {Depagne}, {\'E}. and {Dietrich}, J.~P. and {Donath}, A. and
         {Droettboom}, M. and {Earl}, N. and {Erben}, T. and {Fabbro}, S. and
         {Ferreira}, L.~A. and {Finethy}, T. and {Fox}, R.~T. and
         {Garrison}, L.~H. and {Gibbons}, S.~L.~J. and {Goldstein}, D.~A. and
         {Gommers}, R. and {Greco}, J.~P. and {Greenfield}, P. and
         {Groener}, A.~M. and {Grollier}, F. and {Hagen}, A. and {Hirst}, P. and
         {Homeier}, D. and {Horton}, A.~J. and {Hosseinzadeh}, G. and {Hu}, L. and
         {Hunkeler}, J.~S. and {Ivezi{\'c}}, {\v{Z}}. and {Jain}, A. and
         {Jenness}, T. and {Kanarek}, G. and {Kendrew}, S. and {Kern}, N.~S. and
         {Kerzendorf}, W.~E. and {Khvalko}, A. and {King}, J. and {Kirkby}, D. and
         {Kulkarni}, A.~M. and {Kumar}, A. and {Lee}, A. and {Lenz}, D. and
         {Littlefair}, S.~P. and {Ma}, Z. and {Macleod}, D.~M. and
         {Mastropietro}, M. and {McCully}, C. and {Montagnac}, S. and
         {Morris}, B.~M. and {Mueller}, M. and {Mumford}, S.~J. and {Muna}, D. and
         {Murphy}, N.~A. and {Nelson}, S. and {Nguyen}, G.~H. and
         {Ninan}, J.~P. and {N{\"o}the}, M. and {Ogaz}, S. and {Oh}, S. and
         {Parejko}, J.~K. and {Parley}, N. and {Pascual}, S. and {Patil}, R. and
         {Patil}, A.~A. and {Plunkett}, A.~L. and {Prochaska}, J.~X. and
         {Rastogi}, T. and {Reddy Janga}, V. and {Sabater}, J. and
         {Sakurikar}, P. and {Seifert}, M. and {Sherbert}, L.~E. and
         {Sherwood-Taylor}, H. and {Shih}, A.~Y. and {Sick}, J. and
         {Silbiger}, M.~T. and {Singanamalla}, S. and {Singer}, L.~P. and
         {Sladen}, P.~H. and {Sooley}, K.~A. and {Sornarajah}, S. and
         {Streicher}, O. and {Teuben}, P. and {Thomas}, S.~W. and
         {Tremblay}, G.~R. and {Turner}, J.~E.~H. and {Terr{\'o}n}, V. and
         {van Kerkwijk}, M.~H. and {de la Vega}, A. and {Watkins}, L.~L. and
         {Weaver}, B.~A. and {Whitmore}, J.~B. and {Woillez}, J. and
         {Zabalza}, V. and {Astropy Contributors}},
        title = "{The Astropy Project: Building an Open-science Project and Status of the v2.0 Core Package}",
      journal = {\aj},
     keywords = {methods: data analysis, methods: miscellaneous, methods: statistical, reference systems, Astrophysics - Instrumentation and Methods for Astrophysics},
         year = 2018,
        month = sep,
       volume = {156},
       number = {3},
          eid = {123},
        pages = {123},
          doi = {10.3847/1538-3881/aabc4f},
archivePrefix = {arXiv},
       eprint = {1801.02634},
 primaryClass = {astro-ph.IM},
       adsurl = {https://ui.adsabs.harvard.edu/abs/2018AJ....156..123A},
      adsnote = {Provided by the SAO/NASA Astrophysics Data System}
}

@ARTICLE{astropy:2022,
       author = {{Astropy Collaboration} and {Price-Whelan}, Adrian M. and {Lim}, Pey Lian and {Earl}, Nicholas and {Starkman}, Nathaniel and {Bradley}, Larry and {Shupe}, David L. and {Patil}, Aarya A. and {Corrales}, Lia and {Brasseur}, C.~E. and {N{"o}the}, Maximilian and {Donath}, Axel and {Tollerud}, Erik and {Morris}, Brett M. and {Ginsburg}, Adam and {Vaher}, Eero and {Weaver}, Benjamin A. and {Tocknell}, James and {Jamieson}, William and {van Kerkwijk}, Marten H. and {Robitaille}, Thomas P. and {Merry}, Bruce and {Bachetti}, Matteo and {G{"u}nther}, H. Moritz and {Aldcroft}, Thomas L. and {Alvarado-Montes}, Jaime A. and {Archibald}, Anne M. and {B{'o}di}, Attila and {Bapat}, Shreyas and {Barentsen}, Geert and {Baz{'a}n}, Juanjo and {Biswas}, Manish and {Boquien}, M{'e}d{'e}ric and {Burke}, D.~J. and {Cara}, Daria and {Cara}, Mihai and {Conroy}, Kyle E. and {Conseil}, Simon and {Craig}, Matthew W. and {Cross}, Robert M. and {Cruz}, Kelle L. and {D'Eugenio}, Francesco and {Dencheva}, Nadia and {Devillepoix}, Hadrien A.~R. and {Dietrich}, J{"o}rg P. and {Eigenbrot}, Arthur Davis and {Erben}, Thomas and {Ferreira}, Leonardo and {Foreman-Mackey}, Daniel and {Fox}, Ryan and {Freij}, Nabil and {Garg}, Suyog and {Geda}, Robel and {Glattly}, Lauren and {Gondhalekar}, Yash and {Gordon}, Karl D. and {Grant}, David and {Greenfield}, Perry and {Groener}, Austen M. and {Guest}, Steve and {Gurovich}, Sebastian and {Handberg}, Rasmus and {Hart}, Akeem and {Hatfield-Dodds}, Zac and {Homeier}, Derek and {Hosseinzadeh}, Griffin and {Jenness}, Tim and {Jones}, Craig K. and {Joseph}, Prajwel and {Kalmbach}, J. Bryce and {Karamehmetoglu}, Emir and {Ka{l}uszy{'n}ski}, Miko{l}aj and {Kelley}, Michael S.~P. and {Kern}, Nicholas and {Kerzendorf}, Wolfgang E. and {Koch}, Eric W. and {Kulumani}, Shankar and {Lee}, Antony and {Ly}, Chun and {Ma}, Zhiyuan and {MacBride}, Conor and {Maljaars}, Jakob M. and {Muna}, Demitri and {Murphy}, N.~A. and {Norman}, Henrik and {O'Steen}, Richard and {Oman}, Kyle A. and {Pacifici}, Camilla and {Pascual}, Sergio and {Pascual-Granado}, J. and {Patil}, Rohit R. and {Perren}, Gabriel I. and {Pickering}, Timothy E. and {Rastogi}, Tanuj and {Roulston}, Benjamin R. and {Ryan}, Daniel F. and {Rykoff}, Eli S. and {Sabater}, Jose and {Sakurikar}, Parikshit and {Salgado}, Jes{'u}s and {Sanghi}, Aniket and {Saunders}, Nicholas and {Savchenko}, Volodymyr and {Schwardt}, Ludwig and {Seifert-Eckert}, Michael and {Shih}, Albert Y. and {Jain}, Anany Shrey and {Shukla}, Gyanendra and {Sick}, Jonathan and {Simpson}, Chris and {Singanamalla}, Sudheesh and {Singer}, Leo P. and {Singhal}, Jaladh and {Sinha}, Manodeep and {Sip{H{o}}cz}, Brigitta M. and {Spitler}, Lee R. and {Stansby}, David and {Streicher}, Ole and {{{S}}umak}, Jani and {Swinbank}, John D. and {Taranu}, Dan S. and {Tewary}, Nikita and {Tremblay}, Grant R. and {Val-Borro}, Miguel de and {Van Kooten}, Samuel J. and {Vasovi{'c}}, Zlatan and {Verma}, Shresth and {de Miranda Cardoso}, Jos{'e} Vin{'i}cius and {Williams}, Peter K.~G. and {Wilson}, Tom J. and {Winkel}, Benjamin and {Wood-Vasey}, W.~M. and {Xue}, Rui and {Yoachim}, Peter and {Zhang}, Chen and {Zonca}, Andrea and {Astropy Project Contributors}},
        title = "{The Astropy Project: Sustaining and Growing a Community-oriented Open-source Project and the Latest Major Release (v5.0) of the Core Package}",
      journal = {\apj},
     keywords = {Astronomy software, Open source software, Astronomy data analysis, 1855, 1866, 1858, Astrophysics - Instrumentation and Methods for Astrophysics},
         year = 2022,
        month = aug,
       volume = {935},
       number = {2},
          eid = {167},
        pages = {167},
          doi = {10.3847/1538-4357/ac7c74},
archivePrefix = {arXiv},
       eprint = {2206.14220},
 primaryClass = {astro-ph.IM},
       adsurl = {https://ui.adsabs.harvard.edu/abs/2022ApJ...935..167A},
      adsnote = {Provided by the SAO/NASA Astrophysics Data System}
}

@ARTICLE{2007CSE.....9c..21P,
       author = {{Perez}, Fernando and {Granger}, Brian E.},
        title = "{IPython: A System for Interactive Scientific Computing}",
      journal = {Computing in Science and Engineering},
         year = "2007",
        month = "Jan",
       volume = {9},
       number = {3},
        pages = {21-29},
          doi = {10.1109/MCSE.2007.53},
       adsurl = {https://ui.adsabs.harvard.edu/abs/2007CSE.....9c..21P},
      adsnote = {Provided by the SAO/NASA Astrophysics Data System}
}

@inproceedings{kluyver2016jupyter,
  title={Jupyter Notebooks-a publishing format for reproducible computational workflows.},
  author={Kluyver, Thomas and Ragan-Kelley, Benjamin and P{\'e}rez, Fernando and Granger, Brian E and Bussonnier, Matthias and Frederic, Jonathan and Kelley, Kyle and Hamrick, Jessica B and Grout, Jason and Corlay, Sylvain and others},
  booktitle={ELPUB},
  pages={87--90},
  year={2016}
}

@Article{Hunter:2007,
  Author    = {Hunter, J. D.},
  Title     = {Matplotlib: A 2D graphics environment},
  Journal   = {Computing in Science \& Engineering},
  Volume    = {9},
  Number    = {3},
  Pages     = {90--95},
  abstract  = {Matplotlib is a 2D graphics package used for Python for
  application development, interactive scripting, and publication-quality
  image generation across user interfaces and operating systems.},
  publisher = {IEEE COMPUTER SOC},
  doi       = {10.1109/MCSE.2007.55},
  year      = 2007
}

@article{numpy,
 title         = {Array programming with {NumPy}},
 author        = {Charles R. Harris and K. Jarrod Millman and St{\'{e}}fan J.
                 van der Walt and Ralf Gommers and Pauli Virtanen and David
                 Cournapeau and Eric Wieser and Julian Taylor and Sebastian
                 Berg and Nathaniel J. Smith and Robert Kern and Matti Picus
                 and Stephan Hoyer and Marten H. van Kerkwijk and Matthew
                 Brett and Allan Haldane and Jaime Fern{\'{a}}ndez del
                 R{\'{i}}o and Mark Wiebe and Pearu Peterson and Pierre
                 G{\'{e}}rard-Marchant and Kevin Sheppard and Tyler Reddy and
                 Warren Weckesser and Hameer Abbasi and Christoph Gohlke and
                 Travis E. Oliphant},
 year          = {2020},
 month         = sep,
 journal       = {Nature},
 volume        = {585},
 number        = {7825},
 pages         = {357--362},
 doi           = {10.1038/s41586-020-2649-2},
 publisher     = {Springer Science and Business Media {LLC}},
 url           = {https://doi.org/10.1038/s41586-020-2649-2}
}

@software{pandas_10957263,
  author       = {The pandas development team},
  title        = {pandas-dev/pandas: Pandas},
  month        = apr,
  year         = 2024,
  publisher    = {Zenodo},
  version      = {v2.2.2},
  doi          = {10.5281/zenodo.10957263},
  url          = {https://doi.org/10.5281/zenodo.10957263}
}

@InProceedings{mckinney-proc-scipy-2010,
  author    = { {W}es {M}c{K}inney },
  title     = { {D}ata {S}tructures for {S}tatistical {C}omputing in {P}ython },
  booktitle = { {P}roceedings of the 9th {P}ython in {S}cience {C}onference },
  pages     = { 56 - 61 },
  year      = { 2010 },
  editor    = { {S}t\'efan van der {W}alt and {J}arrod {M}illman },
  doi       = { 10.25080/Majora-92bf1922-00a }
}

@book{python,
  author    = {Van Rossum, Guido and Drake, Fred L.},
  title     = {Python 3 Reference Manual},
  year      = {2009},
  isbn      = {1441412697},
  publisher = {CreateSpace},
  address   = {Scotts Valley, CA}
}

@software{scipy_11702230,
  author       = {Ralf Gommers and
                  Pauli Virtanen and
                  Matt Haberland and
                  Evgeni Burovski and
                  Warren Weckesser and
                  Tyler Reddy and
                  Travis E. Oliphant and
                  David Cournapeau and
                  Andrew Nelson and
                  alexbrc and
                  Pamphile Roy and
                  Pearu Peterson and
                  Ilhan Polat and
                  Josh Wilson and
                  endolith and
                  Nikolay Mayorov and
                  Stefan van der Walt and
                  Matthew Brett and
                  Denis Laxalde and
                  Eric Larson and
                  Atsushi Sakai and
                  Jarrod Millman and
                  Lars and
                  peterbell10 and
                  CJ Carey and
                  Paul van Mulbregt and
                  Lucas Colley and
                  Jake Bowhay and
                  eric-jones and
                  Kai Striega},
  title        = {scipy/scipy: SciPy 1.14.0rc2},
  month        = jun,
  year         = 2024,
  publisher    = {Zenodo},
  version      = {v1.14.0rc2},
  doi          = {10.5281/zenodo.11702230},
  url          = {https://doi.org/10.5281/zenodo.11702230}
}

@ARTICLE{2020SciPy-NMeth,
  author  = {Virtanen, Pauli and Gommers, Ralf and Oliphant, Travis E. and
            Haberland, Matt and Reddy, Tyler and Cournapeau, David and
            Burovski, Evgeni and Peterson, Pearu and Weckesser, Warren and
            Bright, Jonathan and {van der Walt}, St{\'e}fan J. and
            Brett, Matthew and Wilson, Joshua and Millman, K. Jarrod and
            Mayorov, Nikolay and Nelson, Andrew R. J. and Jones, Eric and
            Kern, Robert and Larson, Eric and Carey, C J and
            Polat, {\.I}lhan and Feng, Yu and Moore, Eric W. and
            {VanderPlas}, Jake and Laxalde, Denis and Perktold, Josef and
            Cimrman, Robert and Henriksen, Ian and Quintero, E. A. and
            Harris, Charles R. and Archibald, Anne M. and
            Ribeiro, Ant{\^o}nio H. and Pedregosa, Fabian and
            {van Mulbregt}, Paul and {SciPy 1.0 Contributors}},
  title   = {{{SciPy} 1.0: Fundamental Algorithms for Scientific
            Computing in Python}},
  journal = {Nature Methods},
  year    = {2020},
  volume  = {17},
  pages   = {261--272},
  adsurl  = {https://rdcu.be/b08Wh},
  doi     = {10.1038/s41592-019-0686-2},
}

@ARTICLE{2019MNRAS.482.1525V,
       author = {{Vasiliev}, Eugene},
        title = "{AGAMA: action-based galaxy modelling architecture}",
      journal = {\mnras},
         year = 2019,
        month = jan,
       volume = {482},
       number = {2},
        pages = {1525-1544},
          doi = {10.1093/mnras/sty2672},
archivePrefix = {arXiv},
       eprint = {1802.08239},
 primaryClass = {astro-ph.GA}
}

@software{astroquery_10799414,
  author       = {Adam Ginsburg and
                  Brigitta Sipőcz and
                  C. E. Brasseur and
                  Madhura Parikh and
                  jcsegovia and
                  Austen Groener and
                  Henrik Norman and
                  derdon and
                  Michael Kelley and
                  Thomas Robitaille and
                  P. L. Lim and
                  Eero Vaher and
                  Christoph Deil and
                  Michael Mommert and
                  Jenny V Medina and
                  Erik Tollerud and
                  Ricky Nilsson and
                  Matthieu Baumann and
                  Matt Craig and
                  Miguel de Val-Borro and
                  Benjamin Alan Weaver and
                  jespinosaar and
                  James Davies and
                  Tinuade Adeleke and
                  Nick Space Cowboy and
                  Magnus Vilhelm Persson and
                  James Dempsey and
                  syed-gilani and
                  Christian Mesh and
                  Jordan Mirocha},
  title        = {astropy/astroquery: v0.4.7},
  month        = mar,
  year         = 2024,
  publisher    = {Zenodo},
  version      = {v0.4.7},
  doi          = {10.5281/zenodo.10799414},
  url          = {https://doi.org/10.5281/zenodo.10799414}
}

@ARTICLE{2019AJ....157...98G,
   author = {{Ginsburg}, A. and {Sip{\H o}cz}, B.~M. and {Brasseur}, C.~E. and
	{Cowperthwaite}, P.~S. and {Craig}, M.~W. and {Deil}, C. and
	{Guillochon}, J. and {Guzman}, G. and {Liedtke}, S. and {Lian Lim}, P. and
	{Lockhart}, K.~E. and {Mommert}, M. and {Morris}, B.~M. and
	{Norman}, H. and {Parikh}, M. and {Persson}, M.~V. and {Robitaille}, T.~P. and
	{Segovia}, J.-C. and {Singer}, L.~P. and {Tollerud}, E.~J. and
	{de Val-Borro}, M. and {Valtchanov}, I. and {Woillez}, J. and
	{The Astroquery collaboration} and {a subset of the astropy collaboration}
	},
    title = "{astroquery: An Astronomical Web-querying Package in Python}",
  journal = {\aj},
archivePrefix = "arXiv",
   eprint = {1901.04520},
 primaryClass = "astro-ph.IM",
 keywords = {astronomical databases: miscellaneous, virtual observatory tools},
     year = 2019,
    month = mar,
   volume = 157,
      eid = {98},
    pages = {98},
      doi = {10.3847/1538-3881/aafc33},
   adsurl = {https://adsabs.harvard.edu/abs/2019AJ....157...98G},
  adsnote = {Provided by the SAO/NASA Astrophysics Data System}
}

@INPROCEEDINGS{Jetley2008,
  author={Jetley, Pritish and Gioachin, Filippo and Mendes, Celso and Kale, Laxmikant V. and Quinn, Thomas},
  booktitle={2008 IEEE International Symposium on Parallel and Distributed Processing}, 
  title={Massively parallel cosmological simulations with ChaNGa}, 
  year={2008},
  volume={},
  number={},
  pages={1-12},
  keywords={Computational modeling;Load management;Computer simulation;Computer science;Astronomy;Large-scale systems;Production;Dark energy;Numerical simulation;Planets},
  doi={10.1109/IPDPS.2008.4536319}
}

@INPROCEEDINGS{Jetley2010,
  author={Jetley, Pritish and Wesolowski, Lukasz and Gioachin, Filippo and Kalé, Laxmikant V. and Quinn, Thomas R.},
  booktitle={SC '10: Proceedings of the 2010 ACM/IEEE International Conference for High Performance Computing, Networking, Storage and Analysis}, 
  title={Scaling Hierarchical N-body Simulations on GPU Clusters}, 
  year={2010},
  volume={},
  number={},
  pages={1-11},
  keywords={Graphics processing unit;Kernel;Computational modeling;Force;Instruction sets;Memory management},
  doi={10.1109/SC.2010.49}
}

@ARTICLE{Menon2015,
       author = {{Menon}, Harshitha and {Wesolowski}, Lukasz and {Zheng}, Gengbin and {Jetley}, Pritish and {Kale}, Laxmikant and {Quinn}, Thomas and {Governato}, Fabio},
        title = "{Adaptive techniques for clustered N-body cosmological simulations}",
      journal = {Computational Astrophysics and Cosmology},
     keywords = {computational cosmology, scalability, performance analysis, dark matter, Astrophysics - Instrumentation and Methods for Astrophysics, D.1.3, J.2},
         year = 2015,
        month = mar,
       volume = {2},
          eid = {1},
        pages = {1},
          doi = {10.1186/s40668-015-0007-9},
archivePrefix = {arXiv},
       eprint = {1409.1929},
 primaryClass = {astro-ph.IM},
       adsurl = {https://ui.adsabs.harvard.edu/abs/2015ComAC...2....1M},
      adsnote = {Provided by the SAO/NASA Astrophysics Data System}
}

@software{COSMIC_13351205,
  author       = {Scott Coughlin and
                  Katie Breivik and
                  Michael Zevin and
                  Jeff Andrews and
                  Carl Rodriguez and
                  Tom Wagg and
                  Chase Kimball and
                  Poojan and
                  mcdigman and
                  Kuldeep Sharma and
                  Claire Shi Ye and
                  Soheb Mandhai and
                  Vera Eris Del Favero and
                  elenagonzalez870 and
                  Chirag Chawla and
                  MarkGM02 and
                  1nhtran},
  title        = {COSMIC-PopSynth/COSMIC: v3.4.16},
  month        = aug,
  year         = 2024,
  publisher    = {Zenodo},
  version      = {v3.4.16},
  doi          = {10.5281/zenodo.13351205},
  url          = {https://doi.org/10.5281/zenodo.13351205}
}

@ARTICLE{Breivik2020,
       author = {{Breivik}, Katelyn and {Coughlin}, Scott and {Zevin}, Michael and {Rodriguez}, Carl L. and {Kremer}, Kyle and {Ye}, Claire S. and {Andrews}, Jeff J. and {Kurkowski}, Michael and {Digman}, Matthew C. and {Larson}, Shane L. and {Rasio}, Frederic A.},
        title = "{COSMIC Variance in Binary Population Synthesis}",
      journal = {\apj},
     keywords = {Compact binary stars, Interacting binary stars, Stellar populations, Gravitational wave astronomy, 283, 801, 1622, 675, Astrophysics - High Energy Astrophysical Phenomena, Astrophysics - Solar and Stellar Astrophysics},
         year = 2020,
        month = jul,
       volume = {898},
       number = {1},
          eid = {71},
        pages = {71},
          doi = {10.3847/1538-4357/ab9d85},
archivePrefix = {arXiv},
       eprint = {1911.00903},
 primaryClass = {astro-ph.HE},
       adsurl = {https://ui.adsabs.harvard.edu/abs/2020ApJ...898...71B},
      adsnote = {Provided by the SAO/NASA Astrophysics Data System}
}

@ARTICLE{cython:2011, 
author={S. Behnel and R. Bradshaw and C. Citro and L. Dalcin and D. S. Seljebotn and K. Smith},
journal={Computing in Science Engineering},
title={Cython: The Best of Both Worlds},
year={2011},
volume={13},
number={2},
pages={31-39},
keywords={C language;numerical analysis;Python language extension;Fortran code;numerical loops;Cython language;programming language;Sparse matrices;Runtime;Syntactics;Computer programs;Programming;Python;Cython;numerics;scientific computing},
doi={10.1109/MCSE.2010.118},
ISSN={1521-9615},
month={March}}

@software{dustmaps_10517733,
  author       = {Gregory Green and
                  Gordian Edenhofer and
                  Simon Krughoff and
                  Arfon Smith and
                  Daniel Lenz and
                  Konstantin Malanchev and
                  conornally},
  title        = {gregreen/dustmaps: v1.0.13},
  month        = jan,
  year         = 2024,
  publisher    = {Zenodo},
  version      = {v1.0.13},
  doi          = {10.5281/zenodo.10517733},
  url          = {https://doi.org/10.5281/zenodo.10517733}
}

@ARTICLE{2018JOSS....3..695M,
       author = {{Green}, {Gregory M.}},
        title = "{dustmaps: A Python interface for maps of interstellar dust}",
      journal = {The Journal of Open Source Software},
         year = "2018",
        month = "Jun",
       volume = {3},
       number = {26},
        pages = {695},
          doi = {10.21105/joss.00695},
       adsurl = {https://ui.adsabs.harvard.edu/abs/2018JOSS....3..695G},
      adsnote = {Provided by the SAO/NASA Astrophysics Data System}
}

@ARTICLE{Castro-Ginard+2023:2023A&A...677A..37C,
       author = {{Castro-Ginard}, Alfred and {Brown}, Anthony G.~A. and {Kostrzewa-Rutkowska}, Zuzanna and {Cantat-Gaudin}, Tristan and {Drimmel}, Ronald and {Oh}, Semyeong and {Belokurov}, Vasily and {Casey}, Andrew R. and {Fouesneau}, Morgan and {Khanna}, Shourya and {Price-Whelan}, Adrian M. and {Rix}, Hans-Walter},
        title = "{Estimating the selection function of Gaia DR3 subsamples}",
      journal = {\aap},
     keywords = {Galaxy: general, methods: statistical, catalogs, Astrophysics - Astrophysics of Galaxies},
         year = 2023,
        month = sep,
       volume = {677},
          eid = {A37},
        pages = {A37},
          doi = {10.1051/0004-6361/202346547},
archivePrefix = {arXiv},
       eprint = {2303.17738},
 primaryClass = {astro-ph.GA},
       adsurl = {https://ui.adsabs.harvard.edu/abs/2023A&A...677A..37C},
      adsnote = {Provided by the SAO/NASA Astrophysics Data System}
}

@ARTICLE{Cantat-Gaudin+2023:2023A&A...669A..55C,
       author = {{Cantat-Gaudin}, Tristan and {Fouesneau}, Morgan and {Rix}, Hans-Walter and {Brown}, Anthony G.~A. and {Castro-Ginard}, Alfred and {Kostrzewa-Rutkowska}, Zuzanna and {Drimmel}, Ronald and {Hogg}, David W. and {Casey}, Andrew R. and {Khanna}, Shourya and {Oh}, Semyeong and {Price-Whelan}, Adrian M. and {Belokurov}, Vasily and {Saydjari}, Andrew K. and {Green}, G.},
        title = "{An empirical model of the Gaia DR3 selection function}",
      journal = {\aap},
     keywords = {astrometry, catalogs, methods: data analysis, methods: statistical, Astrophysics - Astrophysics of Galaxies, Astrophysics - Instrumentation and Methods for Astrophysics},
         year = 2023,
        month = jan,
       volume = {669},
          eid = {A55},
        pages = {A55},
          doi = {10.1051/0004-6361/202244784},
archivePrefix = {arXiv},
       eprint = {2208.09335},
 primaryClass = {astro-ph.GA},
       adsurl = {https://ui.adsabs.harvard.edu/abs/2023A&A...669A..55C},
      adsnote = {Provided by the SAO/NASA Astrophysics Data System}
}

@ARTICLE{Boubert+2021:2021MNRAS.501.2954B,
       author = {{Boubert}, Douglas and {Everall}, Andrew and {Fraser}, Jack and {Gration}, Amery and {Holl}, Berry},
        title = "{Completeness of the Gaia-verse III: using hidden states to infer gaps, detection efficiencies, and the scanning law from the DR2 light curves}",
      journal = {\mnras},
     keywords = {methods: data analysis, methods: statistical, stars: statistics, Galaxy: kinematics and dynamics, Galaxy: stellar content, Astrophysics - Astrophysics of Galaxies, Astrophysics - Instrumentation and Methods for Astrophysics, Astrophysics - Solar and Stellar Astrophysics},
         year = 2021,
        month = feb,
       volume = {501},
       number = {2},
        pages = {2954-2968},
          doi = {10.1093/mnras/staa3791},
archivePrefix = {arXiv},
       eprint = {2011.10578},
 primaryClass = {astro-ph.GA},
       adsurl = {https://ui.adsabs.harvard.edu/abs/2021MNRAS.501.2954B},
      adsnote = {Provided by the SAO/NASA Astrophysics Data System}
}

@ARTICLE{Boubert+2020:2020MNRAS.497.4246B,
       author = {{Boubert}, Douglas and {Everall}, Andrew},
        title = "{Completeness of the Gaia verse II: what are the odds that a star is missing from Gaia DR2?}",
      journal = {\mnras},
     keywords = {methods: data analysis, methods: statistical, stars: statistics, Galaxy: kinematics and dynamics, Galaxy: stellar content, Astrophysics - Astrophysics of Galaxies, Astrophysics - Instrumentation and Methods for Astrophysics, Astrophysics - Solar and Stellar Astrophysics},
         year = 2020,
        month = oct,
       volume = {497},
       number = {4},
        pages = {4246-4261},
          doi = {10.1093/mnras/staa2305},
archivePrefix = {arXiv},
       eprint = {2005.08983},
 primaryClass = {astro-ph.GA},
       adsurl = {https://ui.adsabs.harvard.edu/abs/2020MNRAS.497.4246B},
      adsnote = {Provided by the SAO/NASA Astrophysics Data System}
}

@ARTICLE{Everall+2022:2022MNRAS.509.6205E,
       author = {{Everall}, Andrew and {Boubert}, Douglas},
        title = "{Completeness of the Gaia verse - V. Astrometry and radial velocity sample selection functions in Gaia EDR3}",
      journal = {\mnras},
     keywords = {methods: data analysis, methods: statistical, stars: statistics, Galaxy: kinematics and dynamics, Galaxy: stellar content, Astrophysics - Astrophysics of Galaxies, Astrophysics - Instrumentation and Methods for Astrophysics, Astrophysics - Solar and Stellar Astrophysics},
         year = 2022,
        month = feb,
       volume = {509},
       number = {4},
        pages = {6205-6224},
          doi = {10.1093/mnras/stab3262},
archivePrefix = {arXiv},
       eprint = {2111.04127},
 primaryClass = {astro-ph.GA},
       adsurl = {https://ui.adsabs.harvard.edu/abs/2022MNRAS.509.6205E},
      adsnote = {Provided by the SAO/NASA Astrophysics Data System}
}

@software{gala_13377376,
  author       = {Adrian Price-Whelan and
                  Harrison Souchereau and
                  Tom Wagg and
                  Brigitta Sipőcz and
                  Nathaniel Starkman and
                  Yingtian Chen and
                  Sophia Lilleengen and
                  NGC and
                  Daniel Lenz and
                  Johnny Greco and
                  Akeem Hart and
                  AlexKurek and
                  Clément Robert and
                  Dan Foreman-Mackey and
                  HNLala and
                  P. L. Lim and
                  Semyeong Oh and
                  Sergey Koposov and
                  Zhaozhou Li},
  title        = {adrn/gala: v1.9.1},
  month        = aug,
  year         = 2024,
  publisher    = {Zenodo},
  version      = {v1.9.1},
  doi          = {10.5281/zenodo.13377376},
  url          = {https://doi.org/10.5281/zenodo.13377376}
}

@article{gala_JOSS,
  doi = {10.21105/joss.00388},
  url = {https://doi.org/10.21105%2Fjoss.00388},
  year = 2017,
  month = {oct},
  publisher = {The Open Journal},
  volume = {2},
  number = {18},
  author = {Adrian M. Price-Whelan},
  title = {Gala: A Python package for galactic dynamics},
  journal = {The Journal of Open Source Software}
}

@software{h5py_7560547,
  author       = {Andrew Collette and
                  Thomas Kluyver and
                  Thomas A Caswell and
                  James Tocknell and
                  Jerome Kieffer and
                  Aleksandar Jelenak and
                  Anthony Scopatz and
                  Darren Dale and
                  Chen and
                  Thomas VINCENT and
                  Matt Einhorn and
                  payno and
                  juliagarriga and
                  Pierlauro Sciarelli and
                  Valentin Valls and
                  Satrajit Ghosh and
                  Ulrik Kofoed Pedersen and
                  Mark Kittisopikul and
                  jakirkham and
                  Martin Raspaud and
                  Cyril Danilevski and
                  Hameer Abbasi and
                  John Readey and
                  Kai Mühlbauer and
                  Andrey Paramonov and
                  Lawrence Chan and
                  Robin De Schepper and
                  V. Armando Solé and
                  jialin and
                  Daniel Hay Guest},
  title        = {h5py/h5py: 3.8.0},
  month        = jan,
  year         = 2023,
  publisher    = {Zenodo},
  version      = {3.8.0},
  doi          = {10.5281/zenodo.7560547},
  url          = {https://doi.org/10.5281/zenodo.7560547}
}

@Book{collette_python_hdf5_2014,
        keywords = {python, hdf5},
        year = {2013},
        publisher = {O'Reilly},
        title = {Python and HDF5},
        author = {Andrew Collette}
}

@software{healpy_12746571,
  author       = {Andrea Zonca and
                  Leo Singer and
                  crosset and
                  mreineck and
                  Trygve Leithe Svalheim and
                  Daniel Lenz and
                  Reijo Keskitalo and
                  Walt Ogburn and
                  Alex Drlica-Wagner and
                  Xavier Garrido and
                  Matthew Petroff and
                  Paul Price and
                  Pierre Chanial and
                  Nicolas Tessore and
                  Samuel Wyatt and
                  mlejeune and
                  Duncan Watts and
                  Andrew Pontzen and
                  Eirik Gjerløw and
                  Thomas Robitaille and
                  j-erler and
                  jvavrek and
                  Yu Feng and
                  Duncan Macleod and
                  Craig J Copi and
                  Evert Rol and
                  Maurizio Tomasi and
                  Mathew S. Madhavacheril and
                  Andrés Asensio Ramos},
  title        = {healpy/healpy: 1.17.3},
  month        = jul,
  year         = 2024,
  publisher    = {Zenodo},
  version      = {1.17.3},
  doi          = {10.5281/zenodo.12746571},
  url          = {https://doi.org/10.5281/zenodo.12746571}
}

@article{Zonca2019,
  doi = {10.21105/joss.01298},
  url = {https://doi.org/10.21105/joss.01298},
  year = {2019},
  month = mar,
  publisher = {The Open Journal},
  volume = {4},
  number = {35},
  pages = {1298},
  author = {Andrea Zonca and Leo Singer and Daniel Lenz and Martin Reinecke and Cyrille Rosset and Eric Hivon and Krzysztof Gorski},
  title = {healpy: equal area pixelization and spherical harmonics transforms for data on the sphere in Python},
  journal = {Journal of Open Source Software}
}

@ARTICLE{2005ApJ...622..759G,
   author = {{G{\'o}rski}, K.~M. and {Hivon}, E. and {Banday}, A.~J. and 
	{Wandelt}, B.~D. and {Hansen}, F.~K. and {Reinecke}, M. and 
	{Bartelmann}, M.},
    title = "{HEALPix: A Framework for High-Resolution Discretization and Fast Analysis of Data Distributed on the Sphere}",
  journal = {\apj},
   eprint = {arXiv:astro-ph/0409513},
 keywords = {Cosmology: Cosmic Microwave Background, Cosmology: Observations, Methods: Statistical},
     year = 2005,
    month = apr,
   volume = 622,
    pages = {759-771},
      doi = {10.1086/427976},
   adsurl = {http://adsabs.harvard.edu/abs/2005ApJ...622..759G},
  adsnote = {Provided by the SAO/NASA Astrophysics Data System}
}

@software{Morton+2015:2015ascl.soft03010M,
       author = {{Morton}, Timothy D.},
        title = "{isochrones: Stellar model grid package}",
 howpublished = {Astrophysics Source Code Library, record ascl:1503.010},
         year = 2015,
        month = mar,
          eid = {ascl:1503.010},
       adsurl = {https://ui.adsabs.harvard.edu/abs/2015ascl.soft03010M},
      adsnote = {Provided by the SAO/NASA Astrophysics Data System}
}

@software{legwork_12476977,
  author       = {Tom Wagg and
                  Katie Breivik},
  title        = {TeamLEGWORK/LEGWORK: LEGWORK v0.5.0},
  month        = jun,
  year         = 2024,
  publisher    = {Zenodo},
  version      = {v0.5.0},
  doi          = {10.5281/zenodo.12476977},
  url          = {https://doi.org/10.5281/zenodo.12476977}
}

@ARTICLE{LEGWORK_joss,
    author = {{Wagg}, Tom and {Breivik}, Katelyn and {de Mink}, Selma},
    title = "{LEGWORK: A python package for computing the evolution and detectability of stellar-origin gravitational-wave sources with space-based detectors}",
    journal = {The Journal of Open Source Software},
    keywords = {neutron stars, white dwarfs, TianQin, Python, stellar mass black holes, gravitational wave detectors, orbital evolution, compact objects, gravitational waves, LISA, astronomy},
    year = 2022,
    month = feb,
    volume = {7},
    number = {70},
    eid = {3998},
    pages = {3998},
    doi = {10.21105/joss.03998},
    adsurl = {https://ui.adsabs.harvard.edu/abs/2022JOSS....7.3998W},
    adsnote = {Provided by the SAO/NASA Astrophysics Data System}
}

@ARTICLE{LEGWORK_apjs,
    author = {{Wagg}, T. and {Breivik}, K. and {de Mink}, S.~E.},
    title = "{LEGWORK: A Python Package for Computing the Evolution and Detectability of Stellar-origin Gravitational-wave Sources with Space-based Detectors}",
    journal = {\apjs},
    keywords = {Open source software, Gravitational waves, Gravitational wave detectors, Compact objects, Orbital evolution, White dwarf stars, Neutron stars, Stellar mass black holes, 1866, 678, 676, 288, 1178, 1799, 1108, 1611, Astrophysics - High Energy Astrophysical Phenomena, General Relativity and Quantum Cosmology},
    year = 2022,
    month = jun,
    volume = {260},
    number = {2},
    eid = {52},
    pages = {52},
    doi = {10.3847/1538-4365/ac5c52},
    archivePrefix = {arXiv},
    eprint = {2111.08717},
    primaryClass = {astro-ph.HE},
    adsurl = {https://ui.adsabs.harvard.edu/abs/2022ApJS..260...52W},
    adsnote = {Provided by the SAO/NASA Astrophysics Data System}
}

@software{Numba_11642058,
  author       = {Siu Kwan Lam and
                  stuartarchibald and
                  Antoine Pitrou and
                  Mark Florisson and
                  Graham Markall and
                  Stan Seibert and
                  Emergency Self-Construct and
                  Todd A. Anderson and
                  Guilherme Leobas and
                  rjenc29 and
                  Michael Collison and
                  luk-f-a and
                  Kaustubh and
                  Jay Bourque and
                  Aaron Meurer and
                  Travis E. Oliphant and
                  Nick Riasanovsky and
                  Michael Wang and
                  densmirn and
                  KrisMinchev and
                  Andre Masella and
                  Ethan Pronovost and
                  njwhite and
                  Eric Wieser and
                  Ehsan Totoni and
                  Stefan Seefeld and
                  Hernan Grecco and
                  Pearu Peterson and
                  Isaac Virshup and
                  MattyG},
  title        = {numba/numba: 0.60.0},
  month        = jun,
  year         = 2024,
  publisher    = {Zenodo},
  version      = {0.60.0},
  doi          = {10.5281/zenodo.11642058},
  url          = {https://doi.org/10.5281/zenodo.11642058}
}

@INPROCEEDINGS{numba:2015,
       author = {{Lam}, Siu Kwan and {Pitrou}, Antoine and {Seibert}, Stanley},
        title = "{Numba: A LLVM-based Python JIT Compiler}",
     keywords = {LLVM, Python, Compiler},
    booktitle = {Proc. Second Workshop on the LLVM Compiler Infrastructure in HPC},
         year = 2015,
        month = nov,
        pages = {1-6},
          doi = {10.1145/2833157.2833162},
       adsurl = {https://ui.adsabs.harvard.edu/abs/2015llvm.confE...1L},
      adsnote = {Provided by the SAO/NASA Astrophysics Data System}
}

@software{pynbody_10276404,
  author       = {Andrew Pontzen and
                  Rok Roškar and
                  Corentin Cadiou and
                  Greg Stinson and
                  Michele Mastropietro and
                  Martin P. Rey and
                  Ben Keller and
                  A R Duffy and
                  mkrets and
                  Michael Tremmel and
                  Jon Davies and
                  Eva Franck and
                  Thomas Quinn and
                  Rick Sarmento and
                  Jo Bovy and
                  nroth0815 and
                  Jonathan Coles and
                  Alex Ji and
                  Elaad Applebaum and
                  Tommaso Zana and
                  Pawel Biernacki and
                  Jakob Herpich and
                  mihaimt and
                  Rory Woods and
                  EthTay and
                  Gabriel Altay and
                  Lukas Winkler and
                  Richard Shaw and
                  Sanghyuk Moon},
  title        = {pynbody/pynbody: Version 1.5.2},
  month        = dec,
  year         = 2023,
  publisher    = {Zenodo},
  version      = {v1.5.2},
  doi          = {10.5281/zenodo.10276404},
  url          = {https://doi.org/10.5281/zenodo.10276404}
}

@misc{pynbody,
  author = {{Pontzen}, A. and {Ro{\v s}kar}, R. and {Stinson}, G.~S. and {Woods},
     R. and {Reed}, D.~M. and {Coles}, J. and {Quinn}, T.~R.},
  title = "{pynbody: Astrophysics Simulation Analysis for Python}",
  note = {Astrophysics Source Code Library, ascl:1305.002},
  year = 2013
}

@misc{pytables,
  author =    {PyTables Developers Team},
  title =     {{PyTables}: Hierarchical Datasets in {Python}},
  year =      {2002--},
  url = "http://www.pytables.org/"
}

@article{schwimmbad,
  doi = {10.21105/joss.00357},
  url = {https://doi.org/10.21105/joss.00357},
  year  = {2017},
  month = {sep},
  publisher = {The Open Journal},
  volume = {2},
  number = {17},
  author = {Adrian M. Price-Whelan and Daniel Foreman-Mackey},
  title = {schwimmbad: A uniform interface to parallel processing pools in Python},
  journal = {The Journal of Open Source Software}
}

@article{Waskom2021,
    doi = {10.21105/joss.03021},
    url = {https://doi.org/10.21105/joss.03021},
    year = {2021},
    publisher = {The Open Journal},
    volume = {6},
    number = {60},
    pages = {3021},
    author = {Michael L. Waskom},
    title = {seaborn: statistical data visualization},
    journal = {Journal of Open Source Software}
 }

@software{tqdm_3551211,
  author       = {Casper da Costa-Luis and
                  Stephen Karl Larroque and
                  Kyle Altendorf and
                  Hadrien Mary and
                  richardsheridan and
                  Mikhail Korobov and
                  Noam Yorav-Raphael and
                  Ivan Ivanov and
                  Marcel Bargull and
                  Nishant Rodrigues and
                  Guangshuo Chen and
                  Mikhail Dektyarev and
                  mjstevens777 and
                  Matthew D. Pagel and
                  Martin Zugnoni and
                  JC and
                  CrazyPython and
                  Charles Newey and
                  Antony Lee and
                  pgajdos and
                  Todd and
                  Staffan Malmgren and
                  redbug312 and
                  Orivej Desh and
                  Nikolay Nechaev and
                  Michał Górny and
                  Mike Boyle and
                  Max Nordlund and
                  Alex Rothberg and
                  Alexander Plavin},
  title        = {{tqdm: A fast, Extensible Progress Bar for Python 
                   and CLI}},
  month        = feb,
  year         = 2024,
  publisher    = {Zenodo},
  version      = {v4.66.2},
  doi          = {10.5281/zenodo.3551211},
  url          = {https://doi.org/10.5281/zenodo.3551211}
}

@ARTICLE{software-citation-station-paper,
       author = {{Wagg}, Tom and {Broekgaarden}, Floor S.},
        title = "{Streamlining and standardizing software citations with The Software Citation Station}",
      journal = {arXiv e-prints},
     keywords = {Astrophysics - Instrumentation and Methods for Astrophysics, Computer Science - Digital Libraries},
         year = 2024,
        month = jun,
          eid = {arXiv:2406.04405},
        pages = {arXiv:2406.04405},
archivePrefix = {arXiv},
       eprint = {2406.04405},
 primaryClass = {astro-ph.IM},
       adsurl = {https://ui.adsabs.harvard.edu/abs/2024arXiv240604405W},
      adsnote = {Provided by the SAO/NASA Astrophysics Data System}
}

@software{software-citation-station-zenodo,
  author       = {Tom Wagg and
                  Floor Broekgaarden and
                  Kayhan Gültekin},
  title        = {TomWagg/software-citation-station: v1.2},
  month        = aug,
  year         = 2024,
  publisher    = {Zenodo},
  version      = {v1.2},
  doi          = {10.5281/zenodo.13225824},
  url          = {https://doi.org/10.5281/zenodo.13225824}
}

@ARTICLE{Paxton2011,
  author = {{Paxton}, B. and {Bildsten}, L. and {Dotter}, A. and {Herwig}, F. and {Lesaffre}, P. and {Timmes}, F.},
  title = {{Modules for Experiments in Stellar Astrophysics (MESA)}},
  journal = {\apjs},
  archivePrefix = {arXiv},
  eprint = {1009.1622},
  primaryClass = {astro-ph.SR},
  keywords = {methods: numerical, stars: evolution, stars: general},
  year = {2011},
  month = {jan},
  volume = {192},
  eid = {3},
  pages = {3},
  doi = {10.1088/0067-0049/192/1/3},
  adsurl = {https://ui.adsabs.harvard.edu/abs/2011ApJS..192....3P},
  adsnote = {Provided by the SAO/NASA Astrophysics Data System},
}

@ARTICLE{Paxton2013,
  author = {{Paxton}, B. and {Cantiello}, M. and {Arras}, P. and {Bildsten}, L. and {Brown}, E.~F. and {Dotter}, A. and {Mankovich}, C. and {Montgomery}, M.~H. and {Stello}, D. and {Timmes}, F.~X. and {Townsend}, R.},
  title = {{Modules for Experiments in Stellar Astrophysics (MESA): Planets, Oscillations, Rotation, and Massive Stars}},
  journal = {\apjs},
  archivePrefix = {arXiv},
  eprint = {1301.0319},
  primaryClass = {astro-ph.SR},
  keywords = {asteroseismology, methods: numerical, planets and satellites: physical evolution, stars: evolution, stars: massive, stars: rotation},
  year = {2013},
  month = {sep},
  volume = {208},
  eid = {4},
  pages = {4},
  doi = {10.1088/0067-0049/208/1/4},
  adsurl = {https://ui.adsabs.harvard.edu/abs/2013ApJS..208....4P},
  adsnote = {Provided by the SAO/NASA Astrophysics Data System},
}

@ARTICLE{Paxton2015,
  author = {{Paxton}, B. and {Marchant}, P. and {Schwab}, J. and {Bauer}, E.~B. and {Bildsten}, L. and {Cantiello}, M. and {Dessart}, L. and {Farmer}, R. and {Hu}, H. and {Langer}, N. and {Townsend}, R.~H.~D. and {Townsley}, D.~M. and {Timmes}, F.~X.},
  title = {{Modules for Experiments in Stellar Astrophysics (MESA): Binaries, Pulsations, and Explosions}},
  journal = {\apjs},
  archivePrefix = {arXiv},
  eprint = {1506.03146},
  primaryClass = {astro-ph.SR},
  keywords = {binaries: general, methods: numerical, nuclear reactions, nucleosynthesis, abundances, shock waves, stars: evolution, stars: oscillations},
  year = {2015},
  month = {sep},
  volume = {220},
  eid = {15},
  pages = {15},
  doi = {10.1088/0067-0049/220/1/15},
  adsurl = {https://ui.adsabs.harvard.edu/abs/2015ApJS..220...15P},
  adsnote = {Provided by the SAO/NASA Astrophysics Data System},
}

@ARTICLE{Paxton2018,
  author = {{Paxton}, B. and {Schwab}, J. and {Bauer}, E.~B. and {Bildsten}, L. and {Blinnikov}, S. and {Duffell}, P. and {Farmer}, R. and {Goldberg}, J.~A. and {Marchant}, P. and {Sorokina}, E. and {Thoul}, A. and {Townsend}, R.~H.~D. and {Timmes}, F.~X.},
  title = {{Modules for Experiments in Stellar Astrophysics (MESA): Convective Boundaries, Element Diffusion, and Massive Star Explosions}},
  journal = {\apjs},
  archivePrefix = {arXiv},
  eprint = {1710.08424},
  primaryClass = {astro-ph.SR},
  keywords = {convection, diffusion, hydrodynamics, methods: numerical, stars: evolution, supernovae: general },
  year = {2018},
  month = {feb},
  volume = {234},
  eid = {34},
  pages = {34},
  doi = {10.3847/1538-4365/aaa5a8},
  adsurl = {https://ui.adsabs.harvard.edu/abs/2018ApJS..234...34P},
  adsnote = {Provided by the SAO/NASA Astrophysics Data System},
}

@ARTICLE{Paxton2019,
       author = {{Paxton}, Bill and {Smolec}, R. and {Schwab}, Josiah and {Gautschy}, A. and
         {Bildsten}, Lars and {Cantiello}, Matteo and {Dotter}, Aaron and
         {Farmer}, R. and {Goldberg}, Jared A. and {Jermyn}, Adam S. and
         {Kanbur}, S.~M. and {Marchant}, Pablo and {Thoul}, Anne and
         {Townsend}, Richard H.~D. and {Wolf}, William M. and {Zhang}, Michael and
         {Timmes}, F.~X.},
        title = "{Modules for Experiments in Stellar Astrophysics (MESA): Pulsating Variable Stars, Rotation, Convective Boundaries, and Energy Conservation}",
      journal = {\apjs},
     keywords = {stars: evolution, stars: general, stars: interiors, stars: oscillations:  including pulsations, stars: rotation, stars: variables: general, Astrophysics - Solar and Stellar Astrophysics},
         year = "2019",
        month = "Jul",
       volume = {243},
       number = {1},
          eid = {10},
        pages = {10},
          doi = {10.3847/1538-4365/ab2241},
archivePrefix = {arXiv},
       eprint = {1903.01426},
 primaryClass = {astro-ph.SR},
       adsurl = {https://ui.adsabs.harvard.edu/abs/2019ApJS..243...10P},
      adsnote = {Provided by the SAO/NASA Astrophysics Data System}
}

@ARTICLE{Jermyn2023,
       author = {{Jermyn}, Adam S. and {Bauer}, Evan B. and {Schwab}, Josiah and {Farmer}, R. and {Ball}, Warrick H. and {Bellinger}, Earl P. and {Dotter}, Aaron and {Joyce}, Meridith and {Marchant}, Pablo and {Mombarg}, Joey S.~G. and {Wolf}, William M. and {Sunny Wong}, Tin Long and {Cinquegrana}, Giulia C. and {Farrell}, Eoin and {Smolec}, R. and {Thoul}, Anne and {Cantiello}, Matteo and {Herwig}, Falk and {Toloza}, Odette and {Bildsten}, Lars and {Townsend}, Richard H.~D. and {Timmes}, F.~X.},
        title = "{Modules for Experiments in Stellar Astrophysics (MESA): Time-dependent Convection, Energy Conservation, Automatic Differentiation, and Infrastructure}",
      journal = {\apjs},
     keywords = {Stellar physics, Stellar evolution, Stellar evolutionary models, Computational methods, 1621, 1599, 2046, 1965, Astrophysics - Solar and Stellar Astrophysics, Astrophysics - Earth and Planetary Astrophysics, Astrophysics - High Energy Astrophysical Phenomena, Astrophysics - Instrumentation and Methods for Astrophysics},
         year = 2023,
        month = mar,
       volume = {265},
       number = {1},
          eid = {15},
        pages = {15},
          doi = {10.3847/1538-4365/acae8d},
archivePrefix = {arXiv},
       eprint = {2208.03651},
 primaryClass = {astro-ph.SR},
       adsurl = {https://ui.adsabs.harvard.edu/abs/2023ApJS..265...15J},
      adsnote = {Provided by the SAO/NASA Astrophysics Data System}
}

@ARTICLE{Itoh1996,
  author = {{Itoh}, N. and {Hayashi}, H. and {Nishikawa}, A. and {Kohyama}, Y. },
  title = {{Neutrino Energy Loss in Stellar Interiors. VII. Pair, Photo-, Plasma, Bremsstrahlung, and Recombination Neutrino Processes}},
  journal = {\apjs},
  keywords = {DENSE MATTER, ELEMENTARY PARTICLES, RADIATION MECHANISMS: NONTHERMAL, STARS: INTERIORS, METHODS: NUMERICAL},
  year = {1996},
  month = {feb},
  volume = {102},
  pages = {411},
  doi = {10.1086/192264},
  adsurl = {https://ui.adsabs.harvard.edu/abs/1996ApJS..102..411I},
  adsnote = {Provided by the SAO/NASA Astrophysics Data System},
}

@ARTICLE{Cyburt2010,
  author = {{Cyburt}, R.~H. and {Amthor}, A.~M. and {Ferguson}, R. and {Meisel}, Z. and {Smith}, K. and {Warren}, S. and {Heger}, A. and {Hoffman}, R.~D. and {Rauscher}, T. and {Sakharuk}, A. and {Schatz}, H. and {Thielemann}, F.~K. and {Wiescher}, M.},
  title = {{The JINA REACLIB Database: Its Recent Updates and Impact on Type-I X-ray Bursts}},
  journal = {\apjs},
  keywords = {nuclear reactions, nucleosynthesis, abundances, X-rays: bursts},
  year = {2010},
  month = {jul},
  volume = {189},
  pages = {240-252},
  doi = {10.1088/0067-0049/189/1/240},
  adsurl = {https://ui.adsabs.harvard.edu/abs/2010ApJS..189..240C},
  adsnote = {Provided by the SAO/NASA Astrophysics Data System},
}

@ARTICLE{Angulo1999,
       author = {{Angulo}, C. and {Arnould}, M. and {Rayet}, M. and {Descouvemont}, P. and {Baye}, D. and {Leclercq-Willain}, C. and {Coc}, A. and {Barhoumi}, S. and {Aguer}, P. and {Rolfs}, C. and {Kunz}, R. and {Hammer}, J.~W. and {Mayer}, A. and {Paradellis}, T. and {Kossionides}, S. and {Chronidou}, C. and {Spyrou}, K. and {degl'Innocenti}, S. and {Fiorentini}, G. and {Ricci}, B. and {Zavatarelli}, S. and {Providencia}, C. and {Wolters}, H. and {Soares}, J. and {Grama}, C. and {Rahighi}, J. and {Shotter}, A. and {Lamehi Rachti}, M.},
        title = "{A compilation of charged-particle induced thermonuclear reaction rates}",
      journal = {\nphysa},
         year = 1999,
        month = aug,
       volume = {656},
       number = {1},
        pages = {3-183},
          doi = {10.1016/S0375-9474(99)00030-5},
       adsurl = {https://ui.adsabs.harvard.edu/abs/1999NuPhA.656....3A},
      adsnote = {Provided by the SAO/NASA Astrophysics Data System}
}



@article{Chugunov2007,
  author = {{Chugunov}, A.~I. and {Dewitt}, H.~E. and {Yakovlev}, D.~G.},
  title = {{Coulomb tunneling for fusion reactions in dense matter: Path integral MonteCarlo versus mean field}},
  journal = {\prd},
  archivePrefix = {arXiv},
  eprint = {0707.3500},
  keywords = {Nucleosynthesis in novae supernovae and other explosive environments},
  year = {2007},
  month = {jul},
  volume = {76},
  number = {2},
  eid = {025028},
  pages = {025028},
  doi = {10.1103/PhysRevD.76.025028},
  adsurl = {https://ui.adsabs.harvard.edu/abs/2007PhRvD..76b5028C},
  adsnote = {Provided by the SAO/NASA Astrophysics Data System},
}

@article{Fuller1985,
  author = {{Fuller}, G.~M. and {Fowler}, W.~A. and {Newman}, M.~J.},
  title = {{Stellar weak interaction rates for intermediate-mass nuclei. IV - Interpolation procedures for rapidly varying lepton capture rates using effective log (ft)-values}},
  journal = {\apj},
  keywords = {LEPTONS, NEUTRINOS, NUCLEAR CAPTURE, STELLAR CORES, WEAK INTERACTIONS (FIELD THEORY), COMPUTATIONAL ASTROPHYSICS, COMPUTERIZED SIMULATION, ELECTRON CAPTURE},
  year = {1985},
  month = {jun},
  volume = {293},
  pages = {1-16},
  doi = {10.1086/163208},
  adsurl = {https://ui.adsabs.harvard.edu/abs/1985ApJ...293....1F},
  adsnote = {Provided by the SAO/NASA Astrophysics Data System},
}

@article{Oda1994,
  author = {{Oda}, T. and {Hino}, M. and {Muto}, K. and {Takahara}, M. and {Sato}, K.},
  title = {{Rate Tables for the Weak Processes of sd-Shell Nuclei in Stellar Matter}},
  journal = {Atomic Data and Nuclear Data Tables},
  year = {1994},
  month = {mar},
  volume = {56},
  pages = {231-403},
  doi = {10.1006/adnd.1994.1007},
  adsurl = {https://ui.adsabs.harvard.edu/abs/1994ADNDT..56..231O},
  adsnote = {Provided by the SAO/NASA Astrophysics Data System},
}

@article{Langanke2000,
  author = {{Langanke}, K. and {Mart{\'{\i}}nez-Pinedo}, G.},
  title = {{Shell-model calculations of stellar weak interaction rates: II. Weak rates for nuclei in the mass range /A=45-65 in supernovae environments}},
  journal = {Nuclear Physics A},
  eprint = {nucl-th/0001018},
  year = {2000},
  month = {jun},
  volume = {673},
  pages = {481-508},
  doi = {10.1016/S0375-9474(00)00131-7},
  adsurl = {https://ui.adsabs.harvard.edu/abs/2000NuPhA.673..481L},
  adsnote = {Provided by the SAO/NASA Astrophysics Data System},
}


@ARTICLE{Iglesias1993,
  author = {{Iglesias}, C.~A. and {Rogers}, F.~J.},
  title = {{Radiative opacities for carbon- and oxygen-rich mixtures}},
  journal = {\apj},
  keywords = {Carbon Isotopes, Hydrogen Isotopes, Main Sequence Stars, Oxygen Isotopes, Stellar Envelopes, Stellar Evolution, Asymptotic Giant Branch Stars, Radiative Transfer, Stellar Structure},
  year = {1993},
  month = {aug},
  volume = {412},
  pages = {752-760},
  doi = {10.1086/172958},
  adsurl = {https://ui.adsabs.harvard.edu/abs/1993ApJ...412..752I},
  adsnote = {Provided by the SAO/NASA Astrophysics Data System},
}

@ARTICLE{Iglesias1996,
  author = {{Iglesias}, C.~A. and {Rogers}, F.~J.},
  title = {{Updated Opal Opacities}},
  journal = {\apj},
  keywords = {ATOMIC DATA, ATOMIC PROCESSES, STARS: INTERIORS},
  year = {1996},
  month = {jun},
  volume = {464},
  pages = {943},
  doi = {10.1086/177381},
  adsurl = {https://ui.adsabs.harvard.edu/abs/1996ApJ...464..943I},
  adsnote = {Provided by the SAO/NASA Astrophysics Data System},
}

@ARTICLE{Poutanen2017,
       author = {{Poutanen}, Juri},
        title = "{Rosseland and Flux Mean Opacities for Compton Scattering}",
      journal = {\apj},
     keywords = {dense matter, opacity, radiative transfer, scattering, stars: neutron, X-rays: bursts, Astrophysics - High Energy Astrophysical Phenomena},
         year = 2017,
        month = feb,
       volume = {835},
       number = {2},
          eid = {119},
        pages = {119},
          doi = {10.3847/1538-4357/835/2/119},
archivePrefix = {arXiv},
       eprint = {1606.09466},
 primaryClass = {astro-ph.HE},
       adsurl = {https://ui.adsabs.harvard.edu/abs/2017ApJ...835..119P},
      adsnote = {Provided by the SAO/NASA Astrophysics Data System}
}

@ARTICLE{Cassisi2007,
   author = {{Cassisi}, S. and {Potekhin}, A.~Y. and {Pietrinferni}, A. and 
	{Catelan}, M. and {Salaris}, M.},
    title = "{Updated Electron-Conduction Opacities: The Impact on Low-Mass Stellar Models}",
  journal = {\apj},
   eprint = {astro-ph/0703011},
 keywords = {Conduction, Stars: Evolution, Stars: Horizontal-Branch, Stars: Interiors, Stars: White Dwarfs},
     year = 2007,
    month = jun,
   volume = 661,
    pages = {1094-1104},
      doi = {10.1086/516819},
   adsurl = {https://ui.adsabs.harvard.edu/abs/2007ApJ...661.1094C},
  adsnote = {Provided by the SAO/NASA Astrophysics Data System}
}

@ARTICLE{Blouin2020,
       author = {{Blouin}, Simon and {Shaffer}, Nathaniel R. and {Saumon}, Didier and {Starrett}, Charles E.},
        title = "{New Conductive Opacities for White Dwarf Envelopes}",
      journal = {\apj},
     keywords = {Stellar evolution, Stellar interiors, White dwarf stars, 1599, 1606, 1799, Astrophysics - Solar and Stellar Astrophysics, Physics - Plasma Physics},
         year = 2020,
        month = aug,
       volume = {899},
       number = {1},
          eid = {46},
        pages = {46},
          doi = {10.3847/1538-4357/ab9e75},
archivePrefix = {arXiv},
       eprint = {2006.16390},
 primaryClass = {astro-ph.SR},
       adsurl = {https://ui.adsabs.harvard.edu/abs/2020ApJ...899...46B},
      adsnote = {Provided by the SAO/NASA Astrophysics Data System}
}

@ARTICLE{Ferguson2005,
  author = {{Ferguson}, J.~W. and {Alexander}, D.~R. and {Allard}, F. and {Barman}, T. and {Bodnarik}, J.~G. and {Hauschildt}, P.~H. and {Heffner-Wong}, A. and {Tamanai}, A.},
  title = {{Low-Temperature Opacities}},
  journal = {\apj},
  eprint = {astro-ph/0502045},
  keywords = {Atomic Data, Equation of State, Methods: Numerical, Molecular Data},
  year = {2005},
  month = {apr},
  volume = {623},
  pages = {585-596},
  doi = {10.1086/428642},
  adsurl = {https://ui.adsabs.harvard.edu/abs/2005ApJ...623..585F},
  adsnote = {Provided by the SAO/NASA Astrophysics Data System},
}

@MISC{Irwin2004,
  author = {{Irwin}, Alan.~W.},
  title = {The FreeEOS Code for Calculating the Equation of State for Stellar Interiors},
  url = {http://freeeos.sourceforge.net/},
  year = {2004},
}

@ARTICLE{Timmes2000,
  author = {{Timmes}, F.~X. and {Swesty}, F.~D.},
  title = {{The Accuracy, Consistency, and Speed of an Electron-Positron Equation of State Based on Table Interpolation of the Helmholtz Free Energy}},
  journal = {\apjs},
  keywords = {EQUATION OF STATE, HYDRODYNAMICS, METHODS: NUMERICAL, STARS: GENERAL},
  year = {2000},
  month = {feb},
  volume = {126},
  pages = {501-516},
  doi = {10.1086/313304},
  adsurl = {https://ui.adsabs.harvard.edu/abs/2000ApJS..126..501T},
  adsnote = {Provided by the SAO/NASA Astrophysics Data System},
}

@ARTICLE{Saumon1995,
  author = {{Saumon}, D. and {Chabrier}, G. and {van Horn}, H.~M.},
  title = {{An Equation of State for Low-Mass Stars and Giant Planets}},
  journal = {\apjs},
  keywords = {EQUATION OF STATE, STARS: INTERIORS, STARS: LOW-MASS, BROWN DWARFS, STARS: PLANETARY SYSTEMS},
  year = {1995},
  month = {aug},
  volume = {99},
  pages = {713},
  doi = {10.1086/192204},
  adsurl = {https://ui.adsabs.harvard.edu/abs/1995ApJS...99..713S},
  adsnote = {Provided by the SAO/NASA Astrophysics Data System},
}

@ARTICLE{Potekhin2010,
  author = {{Potekhin}, A.~Y. and {Chabrier}, G.},
  title = {{Thermodynamic Functions of Dense Plasmas: Analytic Approximations for Astrophysical Applications}},
  journal = {Contributions to Plasma Physics},
  archivePrefix = {arXiv},
  eprint = {1001.0690},
  primaryClass = {physics.plasm-ph},
  year = {2010},
  month = {jan},
  volume = {50},
  pages = {82-87},
  doi = {10.1002/ctpp.201010017},
  adsurl = {https://ui.adsabs.harvard.edu/abs/2010CoPP...50...82P},
  adsnote = {Provided by the SAO/NASA Astrophysics Data System},
}

@ARTICLE{Rogers2002,
   author = {{Rogers}, F.~J. and {Nayfonov}, A.},
    title = "{Updated and Expanded OPAL Equation-of-State Tables: Implications for Helioseismology}",
  journal = {\apj},
 keywords = {Atomic Processes, Equation of State, Sun: Oscillations},
     year = 2002,
    month = sep,
   volume = 576,
    pages = {1064-1074},
      doi = {10.1086/341894},
   adsurl = {https://ui.adsabs.harvard.edu/abs/2002ApJ...576.1064R},
  adsnote = {Provided by the SAO/NASA Astrophysics Data System}
}

@ARTICLE{Jermyn2021,
       author = {{Jermyn}, Adam S. and {Schwab}, Josiah and {Bauer}, Evan and {Timmes}, F.~X. and {Potekhin}, Alexander Y.},
        title = "{Skye: A Differentiable Equation of State}",
      journal = {\apj},
     keywords = {Stellar physics, Stellar evolutionary models, Publicly available software, 1621, 2046, 1864, Astrophysics - Solar and Stellar Astrophysics, Astrophysics - Astrophysics of Galaxies, Astrophysics - Instrumentation and Methods for Astrophysics},
         year = 2021,
        month = may,
       volume = {913},
       number = {1},
          eid = {72},
        pages = {72},
          doi = {10.3847/1538-4357/abf48e},
archivePrefix = {arXiv},
       eprint = {2104.00691},
 primaryClass = {astro-ph.SR},
       adsurl = {https://ui.adsabs.harvard.edu/abs/2021ApJ...913...72J},
      adsnote = {Provided by the SAO/NASA Astrophysics Data System}
}

@article{Eggleton1983,
  author = {{Eggleton}, P.~P.},
  title = {{Approximations to the radii of Roche lobes}},
  journal = {\apj},
  keywords = {Binary Stars, Celestial Mechanics, Orbital Elements, Roche Limit, Mass Ratios, Radii},
  year = {1983},
  month = {may},
  volume = {268},
  pages = {368},
  doi = {10.1086/160960},
  adsurl = {https://ui.adsabs.harvard.edu/abs/1983ApJ...268..368E},
  adsnote = {Provided by the SAO/NASA Astrophysics Data System},
}

@article{Ritter1988,
  author = {{Ritter}, H.},
  title = {{Turning on and off mass transfer in cataclysmic binaries}},
  journal = {\aap},
  keywords = {Accretion Disks, Binary Stars, Cataclysmic Variables, Mass Transfer, Stellar Evolution, Angular Momentum, Computational Astrophysics, Main Sequence Stars, Photosphere, Stellar Atmospheres, White Dwarf Stars},
  year = {1988},
  month = {aug},
  volume = {202},
  pages = {93-100},
  adsurl = {https://ui.adsabs.harvard.edu/abs/1988A%26A...202...93R},
  adsnote = {Provided by the SAO/NASA Astrophysics Data System},
}

@ARTICLE{Dewitt1973,
       author = {{Dewitt}, H.~E. and {Graboske}, H.~C. and {Cooper}, M.~S.},
        title = "{Screening Factors for Nuclear Reactions. I. General Theory}",
      journal = {\apj},
         year = 1973,
        month = Apr,
       volume = {181},
        pages = {439-456},
          doi = {10.1086/152061},
       adsurl = {https://ui.adsabs.harvard.edu/\#abs/1973ApJ...181..439D},
      adsnote = {Provided by the SAO/NASA Astrophysics Data System}
}
@ARTICLE{Salpeter1954,
       author = {{Salpeter}, E.~E.},
        title = "{Electrons Screening and Thermonuclear Reactions}",
      journal = {Australian Journal of Physics},
         year = 1954,
        month = Sep,
       volume = {7},
        pages = {373},
          doi = {10.1071/PH540373},
       adsurl = {https://ui.adsabs.harvard.edu/\#abs/1954AuJPh...7..373S},
      adsnote = {Provided by the SAO/NASA Astrophysics Data System}
}

@ARTICLE{Alastuey1978,
       author = {{Alastuey}, A. and {Jancovici}, B.},
        title = "{Nuclear reaction rate enhancement in dense stellar matter.}",
      journal = {\apj},
     keywords = {Astrophysics, Magnetohydrodynamics, Nuclear Astrophysics, Reaction Kinetics, Thermonuclear Reactions, Correlation, Nuclei (Nuclear Physics), Perturbation Theory, Potential Theory, Quantum Mechanics, Astrophysics, Nuclear Reactions:Stellar Interiors},
         year = 1978,
        month = Dec,
       volume = {226},
        pages = {1034-1040},
          doi = {10.1086/156681},
       adsurl = {https://ui.adsabs.harvard.edu/\#abs/1978ApJ...226.1034A},
      adsnote = {Provided by the SAO/NASA Astrophysics Data System}
}

@ARTICLE{Itoh1979,
       author = {{Itoh}, N. and {Totsuji}, H. and {Ichimaru}, S. and {Dewitt}, H.~E.},
        title = "{Enhancement of thermonuclear reaction rate due to strong screening. II - Ionic mixtures}",
      journal = {\apj},
     keywords = {Nonuniform Plasmas, Reaction Kinetics, Thermonuclear Reactions, Astrophysics, Binary Mixtures, Dense Plasmas, Monte Carlo Method, Astrophysics},
         year = 1979,
        month = Dec,
       volume = {234},
        pages = {1079-1084},
          doi = {10.1086/157590},
       adsurl = {https://ui.adsabs.harvard.edu/\#abs/1979ApJ...234.1079I},
      adsnote = {Provided by the SAO/NASA Astrophysics Data System}
}

@software{mesa_zenodo,
  author       = {Paxton, Bill},
  title        = {{Modules for Experiments in Stellar Astrophysics 
                   (MESA)}},
  month        = may,
  year         = 2023,
  publisher    = {Zenodo},
  version      = {r23.05.1},
  doi          = {10.5281/zenodo.7983526},
  url          = {https://doi.org/10.5281/zenodo.7983526}
}