@ARTICLE{Duchene+2013,
       author = {{Duch{\^e}ne}, Gaspard and {Kraus}, Adam},
        title = "{Stellar Multiplicity}",
      journal = {\araa},
     keywords = {Astrophysics - Solar and Stellar Astrophysics},
         year = 2013,
        month = aug,
       volume = {51},
       number = {1},
        pages = {269-310},
          doi = {10.1146/annurev-astro-081710-102602},
archivePrefix = {arXiv},
       eprint = {1303.3028},
 primaryClass = {astro-ph.SR},
       adsurl = {https://ui.adsabs.harvard.edu/abs/2013ARA&A..51..269D},
      adsnote = {Provided by the SAO/NASA Astrophysics Data System}
}

@ARTICLE{Moe+2017,
       author = {{Moe}, Maxwell and {Di Stefano}, Rosanne},
        title = "{Mind Your Ps and Qs: The Interrelation between Period (P) and Mass-ratio (Q) Distributions of Binary Stars}",
      journal = {\apjs},
     keywords = {binaries: close, binaries: general, stars: evolution, stars: formation, stars: massive, stars: statistics, Astrophysics - Solar and Stellar Astrophysics},
         year = 2017,
        month = jun,
       volume = {230},
       number = {2},
          eid = {15},
        pages = {15},
          doi = {10.3847/1538-4365/aa6fb6},
archivePrefix = {arXiv},
       eprint = {1606.05347},
 primaryClass = {astro-ph.SR},
       adsurl = {https://ui.adsabs.harvard.edu/abs/2017ApJS..230...15M},
      adsnote = {Provided by the SAO/NASA Astrophysics Data System}
}

@INPROCEEDINGS{Offner+2023,
       author = {{Offner}, S.~S.~R. and {Moe}, M. and {Kratter}, K.~M. and {Sadavoy}, S.~I. and {Jensen}, E.~L.~N. and {Tobin}, J.~J.},
        title = "{The Origin and Evolution of Multiple Star Systems}",
     keywords = {Astrophysics - Solar and Stellar Astrophysics, Astrophysics - Earth and Planetary Astrophysics, Astrophysics - Astrophysics of Galaxies},
    booktitle = {Protostars and Planets VII},
         year = 2023,
       editor = {{Inutsuka}, S. and {Aikawa}, Y. and {Muto}, T. and {Tomida}, K. and {Tamura}, M.},
       series = {Astronomical Society of the Pacific Conference Series},
       volume = {534},
        month = jul,
        pages = {275},
          doi = {10.48550/arXiv.2203.10066},
archivePrefix = {arXiv},
       eprint = {2203.10066},
 primaryClass = {astro-ph.SR},
       adsurl = {https://ui.adsabs.harvard.edu/abs/2023ASPC..534..275O},
      adsnote = {Provided by the SAO/NASA Astrophysics Data System}
}


@ARTICLE{Podsiadlowski+1992,
       author = {{Podsiadlowski}, Ph. and {Joss}, P.~C. and {Hsu}, J.~J.~L.},
        title = "{Presupernova Evolution in Massive Interacting Binaries}",
      journal = {\apj},
     keywords = {Binary Stars, Massive Stars, Stellar Evolution, Supernovae, Computational Astrophysics, Monte Carlo Method, Stellar Envelopes, Stellar Mass Accretion, Stellar Models, Supernova 1987a, Astrophysics},
         year = 1992,
        month = may,
       volume = {391},
        pages = {246},
          doi = {10.1086/171341},
       adsurl = {https://ui.adsabs.harvard.edu/abs/1992ApJ...391..246P},
      adsnote = {Provided by the SAO/NASA Astrophysics Data System}
}

@ARTICLE{Sana+2012,
       author = {{Sana}, H. and {de Mink}, S.~E. and {de Koter}, A. and {Langer}, N. and {Evans}, C.~J. and et al.},
        title = "{Binary Interaction Dominates the Evolution of Massive Stars}",
      journal = {Science},
     keywords = {ASTRONOMY, Astrophysics - Solar and Stellar Astrophysics, Astrophysics - Cosmology and Extragalactic Astrophysics},
         year = 2012,
        month = jul,
       volume = {337},
       number = {6093},
        pages = {444},
          doi = {10.1126/science.1223344},
archivePrefix = {arXiv},
       eprint = {1207.6397},
 primaryClass = {astro-ph.SR},
       adsurl = {https://ui.adsabs.harvard.edu/abs/2012Sci...337..444S},
      adsnote = {Provided by the SAO/NASA Astrophysics Data System}
}


@ARTICLE{deMink+2014,
       author = {{de Mink}, S.~E. and {Sana}, H. and {Langer}, N. and {Izzard}, R.~G. and {Schneider}, F.~R.~N.},
        title = "{The Incidence of Stellar Mergers and Mass Gainers among Massive Stars}",
      journal = {\apj},
     keywords = {binaries: close, Galaxy: stellar content, stars: early-type, stars: massive, Astrophysics - Solar and Stellar Astrophysics, Astrophysics - Cosmology and Nongalactic Astrophysics},
         year = 2014,
        month = feb,
       volume = {782},
       number = {1},
          eid = {7},
        pages = {7},
          doi = {10.1088/0004-637X/782/1/7},
archivePrefix = {arXiv},
       eprint = {1312.3650},
 primaryClass = {astro-ph.SR},
       adsurl = {https://ui.adsabs.harvard.edu/abs/2014ApJ...782....7D},
      adsnote = {Provided by the SAO/NASA Astrophysics Data System}
}

@ARTICLE{Dekel+1986,
       author = {{Dekel}, A. and {Silk}, J.},
        title = "{The Origin of Dwarf Galaxies, Cold Dark Matter, and Biased Galaxy Formation}",
      journal = {\apj},
     keywords = {Abundance, Cold Plasmas, Dark Matter, Dwarf Galaxies, Galactic Evolution, Stellar Winds, Virgo Galactic Cluster, Big Bang Cosmology, Galactic Structure, Local Group (Astronomy), Mass To Light Ratios, Stellar Evolution, Supernovae, Astrophysics, COSMOLOGY, GALAXIES: CLUSTERING, GALAXIES: FORMATION, GALAXIES: INTERNAL MOTIONS, GALAXIES: STRUCTURE},
         year = 1986,
        month = apr,
       volume = {303},
        pages = {39},
          doi = {10.1086/164050},
       adsurl = {https://ui.adsabs.harvard.edu/abs/1986ApJ...303...39D},
      adsnote = {Provided by the SAO/NASA Astrophysics Data System}
}

@ARTICLE{Hopkins+2012,
       author = {{Hopkins}, Philip F. and {Quataert}, Eliot and {Murray}, Norman},
        title = "{Stellar feedback in galaxies and the origin of galaxy-scale winds}",
      journal = {\mnras},
     keywords = {stars: formation, galaxies: active, galaxies: evolution, galaxies: formation, cosmology: theory, Astrophysics - Cosmology and Extragalactic Astrophysics, Astrophysics - Galaxy Astrophysics, Astrophysics - High Energy Astrophysical Phenomena, Astrophysics - Solar and Stellar Astrophysics},
         year = 2012,
        month = apr,
       volume = {421},
       number = {4},
        pages = {3522-3537},
          doi = {10.1111/j.1365-2966.2012.20593.x},
archivePrefix = {arXiv},
       eprint = {1110.4638},
 primaryClass = {astro-ph.CO},
       adsurl = {https://ui.adsabs.harvard.edu/abs/2012MNRAS.421.3522H},
      adsnote = {Provided by the SAO/NASA Astrophysics Data System}
}

@ARTICLE{Naab+2017,
       author = {{Naab}, Thorsten and {Ostriker}, Jeremiah P.},
        title = "{Theoretical Challenges in Galaxy Formation}",
      journal = {\araa},
     keywords = {Astrophysics - Astrophysics of Galaxies},
         year = 2017,
        month = aug,
       volume = {55},
       number = {1},
        pages = {59-109},
          doi = {10.1146/annurev-astro-081913-040019},
archivePrefix = {arXiv},
       eprint = {1612.06891},
 primaryClass = {astro-ph.GA},
       adsurl = {https://ui.adsabs.harvard.edu/abs/2017ARA&A..55...59N},
      adsnote = {Provided by the SAO/NASA Astrophysics Data System}
}

@ARTICLE{Nomoto+2013,
       author = {{Nomoto}, Ken'ichi and {Kobayashi}, Chiaki and {Tominaga}, Nozomu},
        title = "{Nucleosynthesis in Stars and the Chemical Enrichment of Galaxies}",
      journal = {\araa},
         year = 2013,
        month = aug,
       volume = {51},
       number = {1},
        pages = {457-509},
          doi = {10.1146/annurev-astro-082812-140956},
       adsurl = {https://ui.adsabs.harvard.edu/abs/2013ARA&A..51..457N},
      adsnote = {Provided by the SAO/NASA Astrophysics Data System}
}

@BOOK{Ivanova+2020,
       author = {{Ivanova}, Natalia and {Justham}, Stephen and {Ricker}, Paul},
        title = "{Common Envelope Evolution}",
         year = 2020,
          doi = {10.1088/2514-3433/abb6f0},
       adsurl = {https://ui.adsabs.harvard.edu/abs/2020cee..book.....I},
      adsnote = {Provided by the SAO/NASA Astrophysics Data System}
}

@ARTICLE{Ropke+2023,
       author = {{R{\"o}pke}, Friedrich K. and {De Marco}, Orsola},
        title = "{Simulations of common-envelope evolution in binary stellar systems: physical models and numerical techniques}",
      journal = {Living Reviews in Computational Astrophysics},
     keywords = {Astrophysics - Solar and Stellar Astrophysics, Astrophysics - High Energy Astrophysical Phenomena},
         year = 2023,
        month = dec,
       volume = {9},
       number = {1},
          eid = {2},
        pages = {2},
          doi = {10.1007/s41115-023-00017-x},
archivePrefix = {arXiv},
       eprint = {2212.07308},
 primaryClass = {astro-ph.SR},
       adsurl = {https://ui.adsabs.harvard.edu/abs/2023LRCA....9....2R},
      adsnote = {Provided by the SAO/NASA Astrophysics Data System}
}

@ARTICLE{Janka+2012,
       author = {{Janka}, Hans-Thomas},
        title = "{Explosion Mechanisms of Core-Collapse Supernovae}",
      journal = {Annual Review of Nuclear and Particle Science},
     keywords = {Astrophysics - Solar and Stellar Astrophysics, General Relativity and Quantum Cosmology, High Energy Physics - Phenomenology, Nuclear Theory},
         year = 2012,
        month = nov,
       volume = {62},
       number = {1},
        pages = {407-451},
          doi = {10.1146/annurev-nucl-102711-094901},
archivePrefix = {arXiv},
       eprint = {1206.2503},
 primaryClass = {astro-ph.SR},
       adsurl = {https://ui.adsabs.harvard.edu/abs/2012ARNPS..62..407J},
      adsnote = {Provided by the SAO/NASA Astrophysics Data System}
}

@ARTICLE{Somerville+2015,
       author = {{Somerville}, Rachel S. and {Dav{\'e}}, Romeel},
        title = "{Physical Models of Galaxy Formation in a Cosmological Framework}",
      journal = {\araa},
     keywords = {Astrophysics - Astrophysics of Galaxies},
         year = 2015,
        month = aug,
       volume = {53},
        pages = {51-113},
          doi = {10.1146/annurev-astro-082812-140951},
archivePrefix = {arXiv},
       eprint = {1412.2712},
 primaryClass = {astro-ph.GA},
       adsurl = {https://ui.adsabs.harvard.edu/abs/2015ARA&A..53...51S},
      adsnote = {Provided by the SAO/NASA Astrophysics Data System}
}

@ARTICLE{Eldridge+2011,
       author = {{Eldridge}, John J. and {Langer}, Norbert and {Tout}, Christopher A.},
        title = "{Runaway stars as progenitors of supernovae and gamma-ray bursts}",
      journal = {\mnras},
     keywords = {binaries: general, stars: evolution, gamma-ray burst: general, stars: massive, supernovae: general, stars: Wolf-Rayet, Astrophysics - Solar and Stellar Astrophysics, Astrophysics - Cosmology and Nongalactic Astrophysics, Astrophysics - Astrophysics of Galaxies},
         year = 2011,
        month = jul,
       volume = {414},
       number = {4},
        pages = {3501-3520},
          doi = {10.1111/j.1365-2966.2011.18650.x},
archivePrefix = {arXiv},
       eprint = {1103.1877},
 primaryClass = {astro-ph.SR},
       adsurl = {https://ui.adsabs.harvard.edu/abs/2011MNRAS.414.3501E},
      adsnote = {Provided by the SAO/NASA Astrophysics Data System}
}

@ARTICLE{Renzo+2019,
       author = {{Renzo}, M. and {Zapartas}, E. and {de Mink}, S.~E. and {G{\"o}tberg}, Y. and {Justham}, S. and {Farmer}, R.~J. and {Izzard}, R.~G. and {Toonen}, S. and {Sana}, H.},
        title = "{Massive runaway and walkaway stars. A study of the kinematical imprints of the physical processes governing the evolution and explosion of their binary progenitors}",
      journal = {\aap},
     keywords = {astrometry, binaries: close, stars: evolution, stars: kinematics and dynamics, stars: massive, supernovae: general, Astrophysics - Solar and Stellar Astrophysics, Astrophysics - Astrophysics of Galaxies},
         year = 2019,
        month = apr,
       volume = {624},
          eid = {A66},
        pages = {A66},
          doi = {10.1051/0004-6361/201833297},
archivePrefix = {arXiv},
       eprint = {1804.09164},
 primaryClass = {astro-ph.SR},
       adsurl = {https://ui.adsabs.harvard.edu/abs/2019A&A...624A..66R},
      adsnote = {Provided by the SAO/NASA Astrophysics Data System}
}

@ARTICLE{Disberg+2024,
       author = {{Disberg}, P. and {Gaspari}, N. and {Levan}, A.~J.},
        title = "{Deceleration of kicked objects due to the Galactic potential}",
      journal = {\aap},
     keywords = {stars: kinematics and dynamics, pulsars: general, Galaxy: stellar content, Astrophysics - Astrophysics of Galaxies, Astrophysics - High Energy Astrophysical Phenomena, Astrophysics - Solar and Stellar Astrophysics},
         year = 2024,
        month = jul,
       volume = {687},
          eid = {A272},
        pages = {A272},
          doi = {10.1051/0004-6361/202449996},
archivePrefix = {arXiv},
       eprint = {2405.06436},
 primaryClass = {astro-ph.GA},
       adsurl = {https://ui.adsabs.harvard.edu/abs/2024A&A...687A.272D},
      adsnote = {Provided by the SAO/NASA Astrophysics Data System}
}

@ARTICLE{Repetto+2017,
       author = {{Repetto}, Serena and {Igoshev}, Andrei P. and {Nelemans}, Gijs},
        title = "{The Galactic distribution of X-ray binaries and its implications for compact object formation and natal kicks}",
      journal = {\mnras},
     keywords = {X-rays: binaries, supernovae: general, Galaxy: dynamics, binaries: general, black hole physics, stars: neutron, Astrophysics - High Energy Astrophysical Phenomena},
         year = 2017,
        month = may,
       volume = {467},
       number = {1},
        pages = {298-310},
          doi = {10.1093/mnras/stx027},
archivePrefix = {arXiv},
       eprint = {1701.01347},
 primaryClass = {astro-ph.HE},
       adsurl = {https://ui.adsabs.harvard.edu/abs/2017MNRAS.467..298R},
      adsnote = {Provided by the SAO/NASA Astrophysics Data System}
}

@ARTICLE{Mandel+2016,
       author = {{Mandel}, Ilya},
        title = "{Estimates of black hole natal kick velocities from observations of low-mass X-ray binaries}",
      journal = {\mnras},
     keywords = {binaries: close, stars: black holes, Galaxy: kinematics and dynamics, X-rays: binaries, Astrophysics - High Energy Astrophysical Phenomena, Astrophysics - Astrophysics of Galaxies, Astrophysics - Solar and Stellar Astrophysics},
         year = 2016,
        month = feb,
       volume = {456},
       number = {1},
        pages = {578-581},
          doi = {10.1093/mnras/stv2733},
archivePrefix = {arXiv},
       eprint = {1510.03871},
 primaryClass = {astro-ph.HE},
       adsurl = {https://ui.adsabs.harvard.edu/abs/2016MNRAS.456..578M},
      adsnote = {Provided by the SAO/NASA Astrophysics Data System}
}

@ARTICLE{Repetto+2012,
       author = {{Repetto}, Serena and {Davies}, Melvyn B. and {Sigurdsson}, Steinn},
        title = "{Investigating stellar-mass black hole kicks}",
      journal = {\mnras},
     keywords = {black hole physics, binaries: general, stars: neutron, supernovae: general, Galaxy: kinematics and dynamics, X-rays: binaries, Astrophysics - Galaxy Astrophysics, Astrophysics - High Energy Astrophysical Phenomena},
         year = 2012,
        month = oct,
       volume = {425},
       number = {4},
        pages = {2799-2809},
          doi = {10.1111/j.1365-2966.2012.21549.x},
archivePrefix = {arXiv},
       eprint = {1203.3077},
 primaryClass = {astro-ph.GA},
       adsurl = {https://ui.adsabs.harvard.edu/abs/2012MNRAS.425.2799R},
      adsnote = {Provided by the SAO/NASA Astrophysics Data System}
}

@ARTICLE{Repetto+2015,
       author = {{Repetto}, Serena and {Nelemans}, Gijs},
        title = "{Constraining the formation of black holes in short-period black hole low-mass X-ray binaries}",
      journal = {\mnras},
     keywords = {black hole physics, binaries: general, stars: black holes, supernovae: general, X-rays: binaries, Astrophysics - High Energy Astrophysical Phenomena},
         year = 2015,
        month = nov,
       volume = {453},
       number = {3},
        pages = {3341-3355},
          doi = {10.1093/mnras/stv1753},
archivePrefix = {arXiv},
       eprint = {1507.08105},
 primaryClass = {astro-ph.HE},
       adsurl = {https://ui.adsabs.harvard.edu/abs/2015MNRAS.453.3341R},
      adsnote = {Provided by the SAO/NASA Astrophysics Data System}
}

@ARTICLE{Neuhauser+2020,
       author = {{Neuh{\"a}user}, R. and {Gie{\ss}ler}, F. and {Hambaryan}, V.~V.},
        title = "{A nearby recent supernova that ejected the runaway star {\ensuremath{\zeta}} Oph, the pulsar PSR B1706-16, and $^{60}$Fe found on Earth}",
      journal = {\mnras},
     keywords = {astrometry, stars: individual: {\ensuremath{\zeta}} Oph, PSR B1706-16, PSR B1929+10, 1H11255-567, stars: neutron, supernovae: general, X-rays: binaries, Astrophysics - High Energy Astrophysical Phenomena},
         year = 2020,
        month = oct,
       volume = {498},
       number = {1},
        pages = {899-917},
          doi = {10.1093/mnras/stz2629},
archivePrefix = {arXiv},
       eprint = {1909.06850},
 primaryClass = {astro-ph.HE},
       adsurl = {https://ui.adsabs.harvard.edu/abs/2020MNRAS.498..899N},
      adsnote = {Provided by the SAO/NASA Astrophysics Data System}
}

@ARTICLE{Evans+2020,
       author = {{Evans}, F.~A. and {Renzo}, M. and {Rossi}, E.~M.},
        title = "{Core-collapse supernovae in binaries as the origin of galactic hyper-runaway stars}",
      journal = {\mnras},
     keywords = {binaries: general, supernovae: general, stars: kinematics and dynamics, massive, Astrophysics - Solar and Stellar Astrophysics, Astrophysics - Astrophysics of Galaxies, Astrophysics - High Energy Astrophysical Phenomena},
         year = 2020,
        month = oct,
       volume = {497},
       number = {4},
        pages = {5344-5363},
          doi = {10.1093/mnras/staa2334},
archivePrefix = {arXiv},
       eprint = {2006.00849},
 primaryClass = {astro-ph.SR},
       adsurl = {https://ui.adsabs.harvard.edu/abs/2020MNRAS.497.5344E},
      adsnote = {Provided by the SAO/NASA Astrophysics Data System}
}

@ARTICLE{Blaauw+1961,
       author = {{Blaauw}, A.},
        title = "{On the origin of the O- and B-type stars with high velocities (the ``run-away'' stars), and some related problems}",
      journal = {\bain},
         year = 1961,
        month = may,
       volume = {15},
        pages = {265},
       adsurl = {https://ui.adsabs.harvard.edu/abs/1961BAN....15..265B},
      adsnote = {Provided by the SAO/NASA Astrophysics Data System}
}

@ARTICLE{Ivanova+2013,
       author = {{Ivanova}, Natalia and {Justham}, S. and {Chen}, X. and {De Marco}, O. and {Fryer}, C.~L. and {Gaburov}, E. and {Ge}, H. and {Glebbeek}, E. and {Han}, Z. and {Li}, X. -D. and {Lu}, G. and {Marsh}, T. and {Podsiadlowski}, P. and {Potter}, A. and {Soker}, N. and {Taam}, R. and {Tauris}, T.~M. and {van den Heuvel}, E.~P.~J. and {Webbink}, R.~F.},
        title = "{Common envelope evolution: where we stand and how we can move forward}",
      journal = {\aapr},
     keywords = {Close binaries, Stellar structure, interiors, evolution, Hydrodynamics, Astrophysics - High Energy Astrophysical Phenomena, Astrophysics - Solar and Stellar Astrophysics},
         year = 2013,
        month = feb,
       volume = {21},
          eid = {59},
        pages = {59},
          doi = {10.1007/s00159-013-0059-2},
archivePrefix = {arXiv},
       eprint = {1209.4302},
 primaryClass = {astro-ph.HE},
       adsurl = {https://ui.adsabs.harvard.edu/abs/2013A&ARv..21...59I},
      adsnote = {Provided by the SAO/NASA Astrophysics Data System}
}

@ARTICLE{Katsuda+2018,
       author = {{Katsuda}, Satoru and {Morii}, Mikio and {Janka}, Hans-Thomas and {Wongwathanarat}, Annop and {Nakamura}, Ko and {Kotake}, Kei and {Mori}, Koji and {M{\"u}ller}, Ewald and {Takiwaki}, Tomoya and {Tanaka}, Masaomi and {Tominaga}, Nozomu and {Tsunemi}, Hiroshi},
        title = "{Intermediate-mass Elements in Young Supernova Remnants Reveal Neutron Star Kicks by Asymmetric Explosions}",
      journal = {\apj},
     keywords = {ISM: supernova remnants, methods: data analysis, stars: neutron, techniques: imaging spectroscopy, X-rays: general, Astrophysics - High Energy Astrophysical Phenomena},
         year = 2018,
        month = mar,
       volume = {856},
       number = {1},
          eid = {18},
        pages = {18},
          doi = {10.3847/1538-4357/aab092},
archivePrefix = {arXiv},
       eprint = {1710.10372},
 primaryClass = {astro-ph.HE},
       adsurl = {https://ui.adsabs.harvard.edu/abs/2018ApJ...856...18K},
      adsnote = {Provided by the SAO/NASA Astrophysics Data System}
}

@ARTICLE{Marchant2023,
       author = {{Marchant}, Pablo and {Bodensteiner}, Julia},
        title = "{The Evolution of Massive Binary Stars}",
      journal = {arXiv e-prints},
     keywords = {Astrophysics - Solar and Stellar Astrophysics, Astrophysics - Astrophysics of Galaxies, Astrophysics - High Energy Astrophysical Phenomena},
         year = 2023,
        month = nov,
          eid = {arXiv:2311.01865},
        pages = {arXiv:2311.01865},
          doi = {10.48550/arXiv.2311.01865},
archivePrefix = {arXiv},
       eprint = {2311.01865},
 primaryClass = {astro-ph.SR},
       adsurl = {https://ui.adsabs.harvard.edu/abs/2023arXiv231101865M},
      adsnote = {Provided by the SAO/NASA Astrophysics Data System}
}


@Article{	  zapartas:17,
  author	= "E. {Zapartas} and S.~E. {de Mink} and R.~G. {Izzard} and
		  S.-C. {Yoon} and C. {Badenes} and Y. {G{\"o}tberg} and A.
		  {de Koter} and C.~J. {Neijssel} and M. {Renzo} and A.
		  {Schootemeijer} and T.~S. {Shrotriya}",
  title		= "{Delay-time distribution of core-collapse supernovae with
		  late events resulting from binary interaction}",
  journal	= "\aap",
  archiveprefix	= "arXiv",
  eprint	= "1701.07032",
  primaryclass	= "astro-ph.HE",
  keywords	= "supernovae: general, binaries: close, stars: massive,
		  stars: evolution",
  year		= "2017",
  month		= may,
  volume	= "601",
  eid		= "A29",
  pages		= "A29",
  doi		= "10.1051/0004-6361/201629685",
  adsurl	= "http://adsabs.harvard.edu/abs/2017A%26A...601A..29Z",
  adsnote	= "Provided by the SAO/NASA Astrophysics Data System"
}

@ARTICLE{atri:19,
       author = {{Atri}, P. and {Miller-Jones}, J.~C.~A. and {Bahramian}, A. and {Plotkin}, R.~M. and {Jonker}, P.~G. and {Nelemans}, G. and {Maccarone}, T.~J. and {Sivakoff}, G.~R. and {Deller}, A.~T. and {Chaty}, S. and {Torres}, M.~A.~P. and {Horiuchi}, S. and {McCallum}, J. and {Natusch}, T. and {Phillips}, C.~J. and {Stevens}, J. and {Weston}, S.},
        title = "{Potential kick velocity distribution of black hole X-ray binaries and implications for natal kicks}",
      journal = {\mnras},
     keywords = {astrometry, parallaxes, proper motions, stars: kinematics and dynamics, X-rays: binaries, Astrophysics - High Energy Astrophysical Phenomena},
         year = 2019,
        month = nov,
       volume = {489},
       number = {3},
        pages = {3116-3134},
          doi = {10.1093/mnras/stz2335},
archivePrefix = {arXiv},
       eprint = {1908.07199},
 primaryClass = {astro-ph.HE},
       adsurl = {https://ui.adsabs.harvard.edu/abs/2019MNRAS.489.3116A},
      adsnote = {Provided by the SAO/NASA Astrophysics Data System}
}

@ARTICLE{underworld,
       author = {{Sweeney}, David and {Tuthill}, Peter and {Sharma}, Sanjib and {Hirai}, Ryosuke},
        title = "{The Galactic underworld: the spatial distribution of compact remnants}",
      journal = {\mnras},
     keywords = {methods: numerical, astrometry, proper motions, stars: abundances, stars: black holes, stars: neutron, Astrophysics - Astrophysics of Galaxies, Astrophysics - High Energy Astrophysical Phenomena, Astrophysics - Instrumentation and Methods for Astrophysics},
         year = 2022,
        month = nov,
       volume = {516},
       number = {4},
        pages = {4971-4979},
          doi = {10.1093/mnras/stac2092},
archivePrefix = {arXiv},
       eprint = {2210.04241},
 primaryClass = {astro-ph.GA},
       adsurl = {https://ui.adsabs.harvard.edu/abs/2022MNRAS.516.4971S},
      adsnote = {Provided by the SAO/NASA Astrophysics Data System}
}

@ARTICLE{Sweeney+2024,
       author = {{Sweeney}, David and {Tuthill}, Peter and {Krone-Martins}, Alberto and {M{\'e}rand}, Antoine and {Scalzo}, Richard and {Martinod}, Marc-Antoine},
        title = "{Observing the galactic underworld: predicting photometry and astrometry from compact remnant microlensing events}",
      journal = {\mnras},
     keywords = {Astrophysics - Astrophysics of Galaxies, Astrophysics - High Energy Astrophysical Phenomena, Astrophysics - Solar and Stellar Astrophysics},
         year = 2024,
        month = jun,
       volume = {531},
       number = {2},
        pages = {2433-2447},
          doi = {10.1093/mnras/stae1302},
archivePrefix = {arXiv},
       eprint = {2403.14612},
 primaryClass = {astro-ph.GA},
       adsurl = {https://ui.adsabs.harvard.edu/abs/2024MNRAS.531.2433S},
      adsnote = {Provided by the SAO/NASA Astrophysics Data System}
}

@ARTICLE{COMPAS,
       author = {{Riley}, Jeff and {Agrawal}, Poojan and {Barrett}, Jim W. and {Boyett}, Kristan N.~K. and {Broekgaarden}, Floor S. and {Chattopadhyay}, Debatri and {Gaebel}, Sebastian M. and {Gittins}, Fabian and {Hirai}, Ryosuke and {Howitt}, George and {Justham}, Stephen and {Khandelwal}, Lokesh and {Kummer}, Floris and {Lau}, Mike Y.~M. and {Mandel}, Ilya and {de Mink}, Selma E. and {Neijssel}, Coenraad and {Riley}, Tim and {van Son}, Lieke and {Stevenson}, Simon and {Vigna-G{\'o}mez}, Alejandro and {Vinciguerra}, Serena and {Wagg}, Tom and {Willcox}, Reinhold and {Team Compas}},
        title = "{Rapid Stellar and Binary Population Synthesis with COMPAS}",
      journal = {\apjs},
     keywords = {1622, 154, 1108, 162, Astrophysics - Instrumentation and Methods for Astrophysics, Astrophysics - High Energy Astrophysical Phenomena, Astrophysics - Solar and Stellar Astrophysics},
         year = 2022,
        month = feb,
       volume = {258},
       number = {2},
          eid = {34},
        pages = {34},
          doi = {10.3847/1538-4365/ac416c},
archivePrefix = {arXiv},
       eprint = {2109.10352},
 primaryClass = {astro-ph.IM},
       adsurl = {https://ui.adsabs.harvard.edu/abs/2022ApJS..258...34R},
      adsnote = {Provided by the SAO/NASA Astrophysics Data System}
}

@ARTICLE{NIGO,
       author = {{Rossi}, L.~J.},
        title = "{NIGO: A Numerical Integrator of Galactic Orbits}",
      journal = {Astronomy and Computing},
     keywords = {Galactic dynamics, Galaxy models},
         year = 2015,
        month = sep,
       volume = {12},
        pages = {11-20},
          doi = {10.1016/j.ascom.2015.03.008},
       adsurl = {https://ui.adsabs.harvard.edu/abs/2015A&C....12...11R},
      adsnote = {Provided by the SAO/NASA Astrophysics Data System}
}

@ARTICLE{Chattopadhyay+2020,
       author = {{Chattopadhyay}, Debatri and {Stevenson}, Simon and {Hurley}, Jarrod R. and {Rossi}, Luca J. and {Flynn}, Chris},
        title = "{Modelling double neutron stars: radio and gravitational waves}",
      journal = {\mnras},
     keywords = {gravitational waves, stars: neutron, pulsars: general, Astrophysics - High Energy Astrophysical Phenomena, General Relativity and Quantum Cosmology},
         year = 2020,
        month = may,
       volume = {494},
       number = {2},
        pages = {1587-1610},
          doi = {10.1093/mnras/staa756},
archivePrefix = {arXiv},
       eprint = {1912.02415},
 primaryClass = {astro-ph.HE},
       adsurl = {https://ui.adsabs.harvard.edu/abs/2020MNRAS.494.1587C},
      adsnote = {Provided by the SAO/NASA Astrophysics Data System}
}

@ARTICLE{Chattopadhyay+2021,
       author = {{Chattopadhyay}, Debatri and {Stevenson}, Simon and {Hurley}, Jarrod R. and {Bailes}, Matthew and {Broekgaarden}, Floor},
        title = "{Modelling neutron star-black hole binaries: future pulsar surveys and gravitational wave detectors}",
      journal = {\mnras},
     keywords = {gravitational waves, pulsars: general, black hole - neutron star mergers, Astrophysics - High Energy Astrophysical Phenomena, General Relativity and Quantum Cosmology},
         year = 2021,
        month = jul,
       volume = {504},
       number = {3},
        pages = {3682-3710},
          doi = {10.1093/mnras/stab973},
archivePrefix = {arXiv},
       eprint = {2011.13503},
 primaryClass = {astro-ph.HE},
       adsurl = {https://ui.adsabs.harvard.edu/abs/2021MNRAS.504.3682C},
      adsnote = {Provided by the SAO/NASA Astrophysics Data System}
}

@ARTICLE{Song+2024,
       author = {{Song}, Yuzhe and {Stevenson}, Simon and {Chattopadhyay}, Debatri},
        title = "{Binary population synthesis of the Galactic canonical pulsar population}",
      journal = {arXiv e-prints},
     keywords = {Astrophysics - High Energy Astrophysical Phenomena, Astrophysics - Solar and Stellar Astrophysics},
         year = 2024,
        month = jun,
          eid = {arXiv:2406.11428},
        pages = {arXiv:2406.11428},
          doi = {10.48550/arXiv.2406.11428},
archivePrefix = {arXiv},
       eprint = {2406.11428},
 primaryClass = {astro-ph.HE},
       adsurl = {https://ui.adsabs.harvard.edu/abs/2024arXiv240611428S},
      adsnote = {Provided by the SAO/NASA Astrophysics Data System}
}

@ARTICLE{Andrews+2022,
       author = {{Andrews}, Jeff J. and {Kalogera}, Vicky},
        title = "{Constraining Black Hole Natal Kicks with Astrometric Microlensing}",
      journal = {\apj},
     keywords = {Black hole physics, Binary stars, 159, 154, Astrophysics - High Energy Astrophysical Phenomena},
         year = 2022,
        month = may,
       volume = {930},
       number = {2},
          eid = {159},
        pages = {159},
          doi = {10.3847/1538-4357/ac66d6},
archivePrefix = {arXiv},
       eprint = {2203.15156},
 primaryClass = {astro-ph.HE},
       adsurl = {https://ui.adsabs.harvard.edu/abs/2022ApJ...930..159A},
      adsnote = {Provided by the SAO/NASA Astrophysics Data System}
}

@ARTICLE{cogsworth_full,
       author = {{Wagg}, Tom and {Breivik}, Katelyn and {Renzo}, Mathieu and {Price-Whelan}, Adrian M.},
        title = "{cogsworth: A Gala of COSMIC proportions combining binary stellar evolution and galactic dynamics}",
      journal = {arXiv e-prints},
     keywords = {Astrophysics - Astrophysics of Galaxies, Astrophysics - Instrumentation and Methods for Astrophysics, Astrophysics - Solar and Stellar Astrophysics},
         year = 2024,
        month = sep,
          eid = {arXiv:2409.04543},
        pages = {arXiv:2409.04543},
          doi = {10.48550/arXiv.2409.04543},
archivePrefix = {arXiv},
       eprint = {2409.04543},
 primaryClass = {astro-ph.GA},
       adsurl = {https://ui.adsabs.harvard.edu/abs/2024arXiv240904543W},
      adsnote = {Provided by the SAO/NASA Astrophysics Data System}
}

@ARTICLE{Gaspari+2024a,
       author = {{Gaspari}, N. and {Levan}, Andrew J. and {Chrimes}, Ashley A. and {Nelemans}, Gijs},
        title = "{The Galactic neutron star population - II. Systemic velocities and merger locations of binary neutron stars}",
      journal = {\mnras},
     keywords = {binaries: general, gamma-ray burst: general, stars: neutron, Galaxy: stellar content, Galaxy: structure, Astrophysics - High Energy Astrophysical Phenomena, Astrophysics - Solar and Stellar Astrophysics, General Relativity and Quantum Cosmology},
         year = 2024,
        month = jan,
       volume = {527},
       number = {1},
        pages = {1101-1113},
          doi = {10.1093/mnras/stad3259},
archivePrefix = {arXiv},
       eprint = {2310.14773},
 primaryClass = {astro-ph.HE},
       adsurl = {https://ui.adsabs.harvard.edu/abs/2024MNRAS.527.1101G},
      adsnote = {Provided by the SAO/NASA Astrophysics Data System}
}

@ARTICLE{Disberg+2024b,
       author = {{Disberg}, P. and {Gaspari}, N. and {Levan}, A.~J.},
        title = "{Kinematic constraints on the ages and kick velocities of Galactic neutron star binaries}",
      journal = {\aap},
     keywords = {binaries: general, stars: kinematics and dynamics, Galaxy: stellar content, Astrophysics - High Energy Astrophysical Phenomena, Astrophysics - Astrophysics of Galaxies, Astrophysics - Solar and Stellar Astrophysics},
         year = 2024,
        month = sep,
       volume = {689},
          eid = {A348},
        pages = {A348},
          doi = {10.1051/0004-6361/202450790},
archivePrefix = {arXiv},
       eprint = {2407.13667},
 primaryClass = {astro-ph.HE},
       adsurl = {https://ui.adsabs.harvard.edu/abs/2024A&A...689A.348D},
      adsnote = {Provided by the SAO/NASA Astrophysics Data System}
}



@ARTICLE{Mandhai+2022,
       author = {{Mandhai}, S. and {Lamb}, G.~P. and {Tanvir}, N.~R. and {Bray}, J. and {Nixon}, C.~J. and {Eyles-Ferris}, R.~A.~J. and {Levan}, A.~J. and {Gompertz}, B.~P.},
        title = "{Exploring compact binary merger host galaxies and environments with zELDA}",
      journal = {\mnras},
     keywords = {transients: gamma-ray bursts, transients: neutron star mergers, transient: black hole - neutron star mergers, galaxies: general, stars: kinematics and dynamics, binaries: close, Astrophysics - High Energy Astrophysical Phenomena},
         year = 2022,
        month = aug,
       volume = {514},
       number = {2},
        pages = {2716-2735},
          doi = {10.1093/mnras/stac1473},
archivePrefix = {arXiv},
       eprint = {2109.09714},
 primaryClass = {astro-ph.HE},
       adsurl = {https://ui.adsabs.harvard.edu/abs/2022MNRAS.514.2716M},
      adsnote = {Provided by the SAO/NASA Astrophysics Data System}
}

@ARTICLE{Zevin+2020,
       author = {{Zevin}, Michael and {Kelley}, Luke Zoltan and {Nugent}, Anya and {Fong}, Wen-fai and {Berry}, Christopher P.~L. and {Kalogera}, Vicky},
        title = "{Forward Modeling of Double Neutron Stars: Insights from Highly Offset Short Gamma-Ray Bursts}",
      journal = {\apj},
     keywords = {Gamma-ray bursts, Supernova dynamics, Neutron stars, Compact binary stars, Stellar evolution, Galaxy evolution, 629, 1664, 1108, 283, 1599, 594, Astrophysics - High Energy Astrophysical Phenomena, Astrophysics - Astrophysics of Galaxies},
         year = 2020,
        month = dec,
       volume = {904},
       number = {2},
          eid = {190},
        pages = {190},
          doi = {10.3847/1538-4357/abc266},
archivePrefix = {arXiv},
       eprint = {1910.03598},
 primaryClass = {astro-ph.HE},
       adsurl = {https://ui.adsabs.harvard.edu/abs/2020ApJ...904..190Z},
      adsnote = {Provided by the SAO/NASA Astrophysics Data System}
}

@ARTICLE{Gaspari+2024b,
       author = {{Gaspari}, N. and {Stevance}, H.~F. and {Levan}, A.~J. and {Chrimes}, A.~A. and {Lyman}, J.~D.},
        title = "{Binary neutron star merger offsets from their host galaxies. GW 170817 as a case study}",
      journal = {arXiv e-prints},
     keywords = {Astrophysics - High Energy Astrophysical Phenomena},
         year = 2024,
        month = oct,
          eid = {arXiv:2410.19480},
        pages = {arXiv:2410.19480},
          doi = {10.48550/arXiv.2410.19480},
archivePrefix = {arXiv},
       eprint = {2410.19480},
 primaryClass = {astro-ph.HE},
       adsurl = {https://ui.adsabs.harvard.edu/abs/2024arXiv241019480G},
      adsnote = {Provided by the SAO/NASA Astrophysics Data System}
}

